include ../../../preludes/self.journal

2025-11-01 opening balances  ; time: 00:00:00, timezone: UTC+08:00
    assets:accrued revenues:rewards                                                                108.00 _PT/E = 108.00 _PT/E
    assets:accrued revenues:incomes:education                                                      2 686.00 HKD = 2 686.00 HKD
    assets:accrued revenues:insurances:life:7435ecd0-fbc5-4f80-bfdf-d26ee85a1f25                   1 399.60 HKD = 1 399.60 HKD
    assets:accrued revenues:insurances:life:d2926e7a-1f12-4194-92be-978768d964a7                  24 799.02 HKD = 24 799.02 HKD
    assets:accumulated depreciation                                                                   -3.00 EUR = -3.00 EUR
    assets:accumulated depreciation                                                               -3 486.36 HKD = -3 486.36 HKD
    assets:accumulated depreciation                                                               -4 000.00 KRW = -4 000.00 KRW
    assets:deferred expenses:education:incidental                                                    250.00 HKD = 250.00 HKD
    assets:deferred expenses:services:clouds:Apple                                                     8.10 HKD = 8.10 HKD
    assets:deferred expenses:services:clouds:Google                                                  150.00 HKD = 150.00 HKD
    assets:deferred expenses:services:support                                                        632.75 HKD = 632.75 HKD
    assets:banks:eb3a5344-9cdb-471f-a489-ea8981329cd6:HKD savings                                 66 062.73 HKD = 66 062.73 HKD
    assets:digital:7e049a63-ac77-450b-a5f1-4d9a984421dd:68f02300-1650-4e1f-9321-1b96ad9b1e5f      22 250.00 HKD = 22 250.00 HKD
    assets:digital:Game Zone:Hollywood:cc4e72c7-108e-44ff-bf90-49916ac984f5                            2.00 HKD = 2.00 HKD
    assets:digital:Octopus:abb12fe5-9fea-4bc4-b062-5a393eea2be2                                      192.70 HKD = 192.70 HKD
    assets:digital:Octopus cards:1608ef20-afcd-4cd0-9631-2c7b15437521                                122.20 HKD = 122.20 HKD
    assets:objects:clothing                                                                        1 038.00 HKD = 1 038.00 HKD
    assets:objects:consumer electronics                                                            8 989.00 HKD = 8 989.00 HKD
    assets:objects:decorations                                                                         3.00 EUR = 3.00 EUR
    assets:objects:tools                                                                           4 000.00 KRW = 4 000.00 KRW
    assets:special:rewards:club1933:7e6d8351-c575-4d02-bbbb-17bdbf3bedcc                           788.90 _PT/E = 788.90 _PT/E
    assets:special:rewards:club1933:7e6d8351-c575-4d02-bbbb-17bdbf3bedcc                            35.20 _PT/F = 35.20 _PT/F
    assets:trusts:8f65af3c-57dd-4032-996d-b4ce1c844cc3                                             1 099.05 HKD = 1 099.05 HKD
    equity:conversions:EUR-HKD:EUR                                                                    -3.00 EUR = -3.00 EUR
    equity:conversions:EUR-HKD:HKD                                                                    27.00 HKD = 27.00 HKD
    equity:conversions:HKD-KRW:HKD                                                                 2 014.84 HKD = 2 014.84 HKD
    equity:conversions:HKD-KRW:KRW                                                              -348 208.33 KRW = -348 208.33 KRW
    equity:conversions:HKD-USD:HKD                                                                -3 779.68 HKD = -3 779.68 HKD
    equity:conversions:HKD-USD:USD                                                                   491.55 USD = 491.55 USD
    equity:conversions:HKD-_PT/B:HKD                                                                 -80.00 HKD = -80.00 HKD
    equity:conversions:HKD-_PT/B:_PT/B                                                           200 000. _PT/B = 200 000 _PT/B
    equity:conversions:HKD-_PT/D:HKD                                                                -779.00 HKD = -779.00 HKD
    equity:conversions:HKD-_PT/D:_PT/D                                                                779 _PT/D = 779 _PT/D
    equity:conversions:_PT/E-_PT/F:_PT/E                                                         1 600.00 _PT/E = 1 600.00 _PT/E
    equity:conversions:_PT/E-_PT/F:_PT/F                                                           -20.00 _PT/F = -20.00 _PT/F
    equity:external:self.alternatives                                                           -200 000. _PT/B = -200 000 _PT/B
    equity:unaccounted                                                                           -13 400.03 HKD = -13 400.03 HKD
    equity:friends                                                                                   -28.50 HKD = -28.50 HKD
    equity:friends:02f358e9-368a-40e8-875f-12a660a27abe                                              -23.00 HKD = -23.00 HKD
    equity:friends:155a8fd9-d69c-4832-a013-d300ce8d5c22                                              -37.00 HKD = -37.00 HKD
    equity:friends:48d0497b-6001-49ec-8928-94936ae9eaca                                               -2.00 HKD = -2.00 HKD
    equity:friends:56bddbcb-8229-4f8f-96d6-1d7d9ee09c9f                                               50.50 HKD = 50.50 HKD
    equity:friends:5e758af5-23c0-4038-b161-06757132e875                                              -35.10 HKD = -35.10 HKD
    equity:friends:aeae0702-0509-4df7-806e-a2f5f8a2397e                                             -185.00 HKD = -185.00 HKD
    equity:friends:e058a619-cd7a-4ef6-a859-3825f15e8cbc                                               -8.90 HKD = -8.90 HKD
    equity:friends:ef3d8ef0-6ddd-4ffe-9f5b-dda86ce0bcfa                                               63.00 HKD = 63.00 HKD
    equity:friends:f5cfcb84-be23-4456-923b-3ad92ddcbc97                                              -12.00 HKD = -12.00 HKD
    equity:kins:families:3833b42e-dad3-425c-b254-904be68993e4                                      3 806.50 CNY = 3 806.50 CNY
    equity:kins:families:3833b42e-dad3-425c-b254-904be68993e4                                    -89 909.61 HKD = -89 909.61 HKD
    equity:kins:families:51b339c5-b778-463d-8070-9c18ff6d88c0                                     11 303.18 HKD = 11 303.18 HKD
    equity:kins:families:dd9bec11-84e8-4b80-b6d4-f6ca65723978                                     -2 412.00 HKD = -2 412.00 HKD
    equity:kins:special                                                                           -5 000.00 CNY = -5 000.00 CNY
    equity:kins:special                                                                             -380.00 HKD = -380.00 HKD
    equity:organizations:7e049a63-ac77-450b-a5f1-4d9a984421dd                                       -810.00 HKD = -810.00 HKD
    equity:unknown                                                                                    -6.00 HKD = -6.00 HKD
    liabilities:accrued expenses:insurances:levy                                                     -11.76 HKD = -11.76 HKD
    liabilities:accrued expenses:insurances:life:7435ecd0-fbc5-4f80-bfdf-d26ee85a1f25            -38 862.00 HKD = -38 862.00 HKD
    liabilities:accrued expenses:insurances:life:d2926e7a-1f12-4194-92be-978768d964a7            -11 753.14 HKD = -11 753.14 HKD
    liabilities:accrued expenses:services:internet                                                    -0.30 HKD = -0.30 HKD
    equity:opening/closing balances

2025-11-01 Kowloon Motor Bus/Long Win Bus  ; activity: transport, time: 00:06, timezone: UTC+08:00
    expenses:transport:buses                                                 3.10 HKD
    assets:accrued revenues:rewards                                        3.10 _PT/E
    assets:digital:Octopus cards:1608ef20-afcd-4cd0-9631-2c7b15437521       -3.10 HKD
    revenues:rewards                                                      -3.10 _PT/E

2025-11-01 Kowloon Motor Bus/Long Win Bus  ; activity: transport, time: 00:23, timezone: UTC+08:00
    expenses:transport:buses                                                 5.90 HKD
    assets:accrued revenues:rewards                                        5.90 _PT/E
    assets:digital:Octopus cards:1608ef20-afcd-4cd0-9631-2c7b15437521       -5.90 HKD
    revenues:rewards                                                      -5.90 _PT/E

2025-11-01 (CB192601962, NB0124638233, HD125B0108710409, 94809551025, ac413786-e691-4e04-ab89-e9f4405f6418) 72b80c1a-8d63-4409-ac13-b32d51a26e94  ; activity: service, time: 16:29:52, timezone: UTC+08:00
    liabilities:accrued expenses:services:internet                       0.30 HKD = 0.00 HKD
    assets:deferred expenses:services:internet                         148.70 HKD = 148.70 HKD
    assets:banks:eb3a5344-9cdb-471f-a489-ea8981329cd6:HKD savings     -149.00 HKD

2025-11-01 Kowloon Motor Bus/Long Win Bus  ; activity: reward, duration: -PT23H59M59S, time: 23:59:59, timezone: UTC+08:00
    assets:special:rewards:club1933:7e6d8351-c575-4d02-bbbb-17bdbf3bedcc     14.00 _PT/E
    revenues:rewards                                                        -14.00 _PT/E

2025-11-02 Kowloon Motor Bus/Long Win Bus  ; activity: reward, time: 00:17:07, timezone: UTC+08:00
    equity:conversions:_PT/E-_PT/F:_PT/E                                     800.00 _PT/E  ; rate: 0.0125
    assets:special:rewards:club1933:7e6d8351-c575-4d02-bbbb-17bdbf3bedcc      10.00 _PT/F
    equity:conversions:_PT/E-_PT/F:_PT/F                                     -10.00 _PT/F
    assets:special:rewards:club1933:7e6d8351-c575-4d02-bbbb-17bdbf3bedcc    -800.00 _PT/E

2025-11-02 (41185998, 42) Cafe 100%  ; activity: eating, duration: PT26M34S, eating: afternoon tea, time: 16:49:26, timezone: UTC+08:00
    expenses:food and drinks:dining                                         34.00 HKD  ; food_or_drink: condensed milk & butter on toast, food_or_drink: red beans iced drink + less ice + no sugar, food_or_drink: shredded pork & preserved vegetables with rice vermicelli in soup
    assets:digital:Octopus cards:1608ef20-afcd-4cd0-9631-2c7b15437521      -34.00 HKD

2025-11-02 Kowloon Motor Bus/Long Win Bus  ; activity: reward, duration: -PT23H59M59S, time: 23:59:59, timezone: UTC+08:00
    assets:special:rewards:club1933:7e6d8351-c575-4d02-bbbb-17bdbf3bedcc     29.00 _PT/E
    assets:accrued revenues:rewards                                         -19.00 _PT/E
    revenues:rewards                                                        -10.00 _PT/E

2025-11-03 Kowloon Motor Bus/Long Win Bus  ; activity: transport, time: 12:10, timezone: UTC+08:00
    expenses:transport:buses                                                12.10 HKD
    assets:accrued revenues:rewards                                       12.10 _PT/E
    assets:digital:Octopus cards:1608ef20-afcd-4cd0-9631-2c7b15437521      -12.10 HKD
    revenues:rewards                                                     -12.10 _PT/E

2025-11-03 Kowloon Motor Bus/Long Win Bus  ; activity: transport, time: 12:35, timezone: UTC+08:00
    expenses:transport:buses                                                 2.90 HKD
    assets:accrued revenues:rewards                                        2.90 _PT/E
    assets:digital:Octopus cards:1608ef20-afcd-4cd0-9631-2c7b15437521       -2.90 HKD
    revenues:rewards                                                      -2.90 _PT/E

2025-11-03 (12/120356) 9da2b39f-64b4-4721-a033-b50e84a4a76d  ; activity: eating, eating: afternoon tea, time: 14:32:21, timezone: UTC+08:00
    expenses:food and drinks:dining                                         29.00 HKD  ; food_or_drink: hot Ovaltine, food_or_drink: pineapple bun with cheese and egg, food_or_drink: 番茄肉碎米粉（細）
    assets:digital:Octopus cards:1608ef20-afcd-4cd0-9631-2c7b15437521      -29.00 HKD

2025-11-03 (5800569720) 20b484a5-3c01-42f3-875c-e95509b3de22  ; activity: eating, eating: dinner, time: 19:20:45, timezone: UTC+08:00
    expenses:food and drinks:dining                                         28.00 HKD  ; food_or_drink: beancurd with chilli with rice + less rice
    assets:digital:Octopus cards:1608ef20-afcd-4cd0-9631-2c7b15437521      -28.00 HKD

2025-11-03 Swire  ; activity: eating, eating: drinks, time: 19:27, timezone: UTC+08:00, via: COKE+ vending machine
    expenses:food and drinks:drinks                                          4.00 HKD  ; food_or_drink: "Schweppes" +C Lemon Soda (can)
    assets:digital:Octopus cards:1608ef20-afcd-4cd0-9631-2c7b15437521       -4.00 HKD

2025-11-03 7e049a63-ac77-450b-a5f1-4d9a984421dd  ; activity: education, duration: PT3H, time: 19:30, timezone: UTC+08:00
    assets:accrued revenues:incomes:education      204.00 HKD
    revenues:incomes:education                    -204.00 HKD

2025-11-03 Kowloon Motor Bus/Long Win Bus  ; activity: transport, time: 23:19, timezone: UTC+08:00
    expenses:transport:buses                                                 3.10 HKD
    assets:accrued revenues:rewards                                        3.10 _PT/E
    assets:digital:Octopus cards:1608ef20-afcd-4cd0-9631-2c7b15437521       -3.10 HKD
    revenues:rewards                                                      -3.10 _PT/E

2025-11-03 Kowloon Motor Bus/Long Win Bus  ; activity: transport, time: 23:38, timezone: UTC+08:00
    expenses:transport:buses                                                 5.90 HKD
    assets:accrued revenues:rewards                                        5.90 _PT/E
    assets:digital:Octopus cards:1608ef20-afcd-4cd0-9631-2c7b15437521       -5.90 HKD
    revenues:rewards                                                      -5.90 _PT/E

2025-11-03 Kowloon Motor Bus/Long Win Bus  ; activity: reward, duration: -PT23H59M59S, time: 23:59:59, timezone: UTC+08:00
    assets:special:rewards:club1933:7e6d8351-c575-4d02-bbbb-17bdbf3bedcc     34.30 _PT/E
    assets:accrued revenues:rewards                                         -25.30 _PT/E
    revenues:rewards                                                         -9.00 _PT/E

2025-11-04 Kowloon Motor Bus/Long Win Bus  ; activity: transport, time: 13:28, timezone: UTC+08:00
    expenses:transport:buses                                                10.00 HKD
    assets:accrued revenues:rewards                                       10.00 _PT/E
    assets:digital:Octopus cards:1608ef20-afcd-4cd0-9631-2c7b15437521      -10.00 HKD
    revenues:rewards                                                     -10.00 _PT/E

2025-11-04 Kowloon Motor Bus/Long Win Bus  ; activity: transport, time: 14:09, timezone: UTC+08:00
    expenses:transport:buses                                                 2.90 HKD
    assets:accrued revenues:rewards                                        2.90 _PT/E
    assets:digital:Octopus cards:1608ef20-afcd-4cd0-9631-2c7b15437521       -2.90 HKD
    revenues:rewards                                                      -2.90 _PT/E

2025-11-04 (CB495232244, FRN20251104PAYD0102904770833, OCTOPUS038084565301286497) self  ; activity: transfer, time: 12:49:41, timezone: UTC+08:00, via: eDDA
    assets:digital:Octopus:abb12fe5-9fea-4bc4-b062-5a393eea2be2        200.00 HKD
    assets:banks:eb3a5344-9cdb-471f-a489-ea8981329cd6:HKD savings     -200.00 HKD

2025-11-04 self  ; activity: transfer, time: 12:49:44, timezone: UTC+08:00
    assets:digital:Octopus cards:1608ef20-afcd-4cd0-9631-2c7b15437521      200.00 HKD
    assets:digital:Octopus:abb12fe5-9fea-4bc4-b062-5a393eea2be2           -200.00 HKD

2025-11-04 Kowloon Motor Bus/Long Win Bus  ; activity: reward, duration: -PT23H59M59S, time: 23:59:59, timezone: UTC+08:00
    assets:special:rewards:club1933:7e6d8351-c575-4d02-bbbb-17bdbf3bedcc     40.00 _PT/E
    assets:accrued revenues:rewards                                         -24.00 _PT/E
    revenues:rewards                                                        -16.00 _PT/E

2025-11-04 (8/081107) 9da2b39f-64b4-4721-a033-b50e84a4a76d  ; activity: eating, eating: afternoon tea, time: 14:49:06, timezone: UTC+08:00
    expenses:food and drinks:dining                                         24.00 HKD  ; food_or_drink: fried chicken thigh, food_or_drink: hot coffee + more milk, food_or_drink: spicy potato wedges
    expenses:food and drinks:dining                                          5.00 HKD  ; food_or_drink: ham, food_or_drink: twisty macaroni in soup
    assets:digital:Octopus cards:1608ef20-afcd-4cd0-9631-2c7b15437521      -29.00 HKD

2025-11-04 (58C75E/878, 797, 44) McDonald's  ; activity: eating, eating: snacks, time: 20:30:42, timezone: UTC+08:00
    expenses:food and drinks:snacks                                         12.00 HKD  ; food_or_drink: hot fudge sundae
    assets:digital:Octopus cards:1608ef20-afcd-4cd0-9631-2c7b15437521      -12.00 HKD

2025-11-04 Kowloon Motor Bus/Long Win Bus  ; activity: transport, time: 20:51, timezone: UTC+08:00
    expenses:transport:buses                                                 3.10 HKD
    assets:accrued revenues:rewards                                        3.10 _PT/E
    assets:digital:Octopus cards:1608ef20-afcd-4cd0-9631-2c7b15437521       -3.10 HKD
    revenues:rewards                                                      -3.10 _PT/E

2025-11-04 Kowloon Motor Bus/Long Win Bus  ; activity: transport, time: 21:10, timezone: UTC+08:00
    expenses:transport:buses                                                 5.90 HKD
    assets:accrued revenues:rewards                                        5.90 _PT/E
    assets:digital:Octopus cards:1608ef20-afcd-4cd0-9631-2c7b15437521       -5.90 HKD
    revenues:rewards                                                      -5.90 _PT/E

2025-11-05 Kowloon Motor Bus/Long Win Bus  ; activity: transport, time: 09:45, timezone: UTC+08:00
    expenses:transport:buses                                                10.00 HKD
    assets:accrued revenues:rewards                                       10.00 _PT/E
    assets:digital:Octopus cards:1608ef20-afcd-4cd0-9631-2c7b15437521      -10.00 HKD
    revenues:rewards                                                     -10.00 _PT/E

2025-11-05 Kowloon Motor Bus/Long Win Bus  ; activity: transport, time: 10:11, timezone: UTC+08:00
    expenses:transport:buses                                                 2.90 HKD
    assets:accrued revenues:rewards                                        2.90 _PT/E
    assets:digital:Octopus cards:1608ef20-afcd-4cd0-9631-2c7b15437521       -2.90 HKD
    revenues:rewards                                                      -2.90 _PT/E

2025-11-05 (5800143269) c3519e26-caa7-467e-8057-ff4a3eeabd55  ; activity: eating, eating: lunch, time: 12:12:59, timezone: UTC+08:00
    expenses:food and drinks:dining                                         29.00 HKD  ; food_or_drink: pumpkin with assorted mushroom
    assets:digital:Octopus cards:1608ef20-afcd-4cd0-9631-2c7b15437521      -29.00 HKD

2025-11-05 (5700131982, 46) c3519e26-caa7-467e-8057-ff4a3eeabd55  ; activity: eating, eating: afternoon tea, time: 14:32:54, timezone: UTC+08:00
    expenses:food and drinks:dining                                         27.00 HKD  ; food_or_drink: French fries, food_or_drink: deep-fried fish fillet, food_or_drink: hot coffee + more milk
    assets:digital:Octopus cards:1608ef20-afcd-4cd0-9631-2c7b15437521      -27.00 HKD

2025-11-05 7-Eleven  ; activity: eating, eating: snacks, time: 18:37, timezone: UTC+08:00
    expenses:food and drinks:snacks                                         10.40 HKD  ; food_or_drink: OREO Chocolate Sandwich Cookies with Vanilla Flavored Cream
    assets:digital:Octopus cards:1608ef20-afcd-4cd0-9631-2c7b15437521      -10.40 HKD

2025-11-05 (7/072665) 9da2b39f-64b4-4721-a033-b50e84a4a76d  ; activity: eating, eating: dinner, time: 20:32:59, timezone: UTC+08:00
    expenses:food and drinks:dining                                         29.00 HKD  ; food_or_drink: hot Ovaltine, food_or_drink: 兩送套飯 + less rice, food_or_drink: 麻婆豆腐 ×2
    assets:digital:Octopus cards:1608ef20-afcd-4cd0-9631-2c7b15437521      -29.00 HKD

2025-11-05 Kowloon Motor Bus/Long Win Bus  ; activity: transport, time: 21:18, timezone: UTC+08:00
    expenses:transport:buses                                                 4.40 HKD
    assets:accrued revenues:rewards                                        4.40 _PT/E
    assets:digital:Octopus cards:1608ef20-afcd-4cd0-9631-2c7b15437521       -4.40 HKD
    revenues:rewards                                                      -4.40 _PT/E

2025-11-05 Kowloon Motor Bus/Long Win Bus  ; activity: transport, time: 21:44, timezone: UTC+08:00
    expenses:transport:buses                                                 5.90 HKD
    assets:accrued revenues:rewards                                        5.90 _PT/E
    assets:digital:Octopus cards:1608ef20-afcd-4cd0-9631-2c7b15437521       -5.90 HKD
    revenues:rewards                                                      -5.90 _PT/E

2025-11-05 Kowloon Motor Bus/Long Win Bus  ; activity: reward, duration: -PT23H59M59S, time: 23:59:59, timezone: UTC+08:00
    assets:special:rewards:club1933:7e6d8351-c575-4d02-bbbb-17bdbf3bedcc     33.90 _PT/E
    assets:accrued revenues:rewards                                         -23.90 _PT/E
    revenues:rewards                                                        -10.00 _PT/E

2025-11-06 Kowloon Motor Bus/Long Win Bus  ; activity: transport, time: 09:21, timezone: UTC+08:00
    expenses:transport:buses                                                12.10 HKD
    assets:accrued revenues:rewards                                       12.10 _PT/E
    assets:digital:Octopus cards:1608ef20-afcd-4cd0-9631-2c7b15437521      -12.10 HKD
    revenues:rewards                                                     -12.10 _PT/E

2025-11-06 Kowloon Motor Bus/Long Win Bus  ; activity: transport, time: 09:51, timezone: UTC+08:00
    expenses:transport:buses                                                 2.90 HKD
    assets:accrued revenues:rewards                                        2.90 _PT/E
    assets:digital:Octopus cards:1608ef20-afcd-4cd0-9631-2c7b15437521       -2.90 HKD
    revenues:rewards                                                      -2.90 _PT/E

2025-11-06 (CB697028975, FRN20251106PAYD0102910503145, OCTOPUS038084565301286497) self  ; activity: transfer, time: 10:47:13, timezone: UTC+08:00, via: eDDA
    assets:digital:Octopus:abb12fe5-9fea-4bc4-b062-5a393eea2be2        200.00 HKD
    assets:banks:eb3a5344-9cdb-471f-a489-ea8981329cd6:HKD savings     -200.00 HKD

2025-11-06 self  ; activity: transfer, time: 10:47:21, timezone: UTC+08:00
    assets:digital:Octopus cards:1608ef20-afcd-4cd0-9631-2c7b15437521      200.00 HKD
    assets:digital:Octopus:abb12fe5-9fea-4bc4-b062-5a393eea2be2           -200.00 HKD

2025-11-06 (261604, K254) ed096bd9-4609-4c33-9930-a0c6b67dde2e  ; activity: eating, eating: breakfast, time: 10:47:23, timezone: UTC+08:00
    expenses:food and drinks:dining                                         24.00 HKD  ; food_or_drink: baked fried tomato beans, food_or_drink: hash brown, food_or_drink: hot coffee (8 oz), food_or_drink: sauteed fresh mushroom, food_or_drink: scrambled egg
    assets:digital:Octopus cards:1608ef20-afcd-4cd0-9631-2c7b15437521      -24.00 HKD

2025-11-06 * (??????/??, ???, ??) McDonald's  ; activity: eating, eating: lunch, time: 13:45, timezone: UTC+08:00
    expenses:food and drinks:dining                                      34.00 HKD  ; food_or_drink: (unknown)
    liabilities:loans:friends:af53ecef-566f-4f4e-8337-349e3f551124      -34.00 HKD = -34.00 HKD

2025-11-06 Kowloon Motor Bus/Long Win Bus  ; activity: transport, time: 20:29, timezone: UTC+08:00
    expenses:transport:buses                                                 3.10 HKD
    assets:accrued revenues:rewards                                        3.10 _PT/E
    assets:digital:Octopus cards:1608ef20-afcd-4cd0-9631-2c7b15437521       -3.10 HKD
    revenues:rewards                                                      -3.10 _PT/E

2025-11-06 Kowloon Motor Bus/Long Win Bus  ; activity: transport, time: 20:52, timezone: UTC+08:00
    expenses:transport:buses                                                 5.90 HKD
    assets:accrued revenues:rewards                                        5.90 _PT/E
    assets:digital:Octopus cards:1608ef20-afcd-4cd0-9631-2c7b15437521       -5.90 HKD
    revenues:rewards                                                      -5.90 _PT/E

2025-11-06 Kowloon Motor Bus/Long Win Bus  ; activity: reward, duration: -PT23H59M59S, time: 23:59:59, timezone: UTC+08:00
    assets:special:rewards:club1933:7e6d8351-c575-4d02-bbbb-17bdbf3bedcc     27.90 _PT/E
    assets:accrued revenues:rewards                                         -12.90 _PT/E
    revenues:rewards                                                        -15.00 _PT/E

2025-11-07 Kowloon Motor Bus/Long Win Bus  ; activity: transport, time: 11:40, timezone: UTC+08:00
    expenses:transport:buses                                                12.10 HKD
    assets:accrued revenues:rewards                                       12.10 _PT/E
    assets:digital:Octopus cards:1608ef20-afcd-4cd0-9631-2c7b15437521      -12.10 HKD
    revenues:rewards                                                     -12.10 _PT/E

2025-11-07 Kowloon Motor Bus/Long Win Bus  ; activity: transport, time: 12:12, timezone: UTC+08:00
    expenses:transport:buses                                                 2.90 HKD
    assets:accrued revenues:rewards                                        2.90 _PT/E
    assets:digital:Octopus cards:1608ef20-afcd-4cd0-9631-2c7b15437521       -2.90 HKD
    revenues:rewards                                                      -2.90 _PT/E

2025-11-07 7e049a63-ac77-450b-a5f1-4d9a984421dd  ; activity: education, duration: PT2H, time: 13:00, timezone: UTC+08:00
    assets:accrued revenues:incomes:education      136.00 HKD
    revenues:incomes:education                    -136.00 HKD

2025-11-07 (12/121515) 9da2b39f-64b4-4721-a033-b50e84a4a76d  ; activity: eating, eating: afternoon tea, time: 15:01:17, timezone: UTC+08:00
    expenses:food and drinks:dining                                         25.00 HKD  ; food_or_drink: curry puff, food_or_drink: garden gourmet salad hot dog, food_or_drink: hot Ovaltine
    expenses:food and drinks:dining                                          5.00 HKD  ; food_or_drink: vermicelli in soup with ham
    assets:digital:Octopus cards:1608ef20-afcd-4cd0-9631-2c7b15437521      -30.00 HKD

2025-11-07 (NB0750865090, HD125B0729912308) af53ecef-566f-4f4e-8337-349e3f551124  ; activity: repayment, time: 17:59:16, timezone: UTC+08:00
    liabilities:loans:friends:af53ecef-566f-4f4e-8337-349e3f551124       34.00 HKD = 0.00 HKD
    assets:banks:eb3a5344-9cdb-471f-a489-ea8981329cd6:HKD savings       -34.00 HKD

2025-11-07 Kowloon Motor Bus/Long Win Bus  ; activity: transport, time: 19:49, timezone: UTC+08:00
    expenses:transport:buses                                                 3.10 HKD
    assets:accrued revenues:rewards                                        3.10 _PT/E
    assets:digital:Octopus cards:1608ef20-afcd-4cd0-9631-2c7b15437521       -3.10 HKD
    revenues:rewards                                                      -3.10 _PT/E

2025-11-07 Kowloon Motor Bus/Long Win Bus  ; activity: transport, time: 20:10, timezone: UTC+08:00
    expenses:transport:buses                                                 5.80 HKD
    assets:accrued revenues:rewards                                        5.80 _PT/E
    assets:digital:Octopus cards:1608ef20-afcd-4cd0-9631-2c7b15437521       -5.80 HKD
    revenues:rewards                                                      -5.80 _PT/E

2025-11-07 洪記麵家 (Hungkee Noodles)  ; activity: eating, eating: dinner, time: 20:50, timezone: UTC+08:00
    expenses:food and drinks:dining                           28.00 HKD  ; food_or_drink: 招牌魚蛋
    equity:friends:ef3d8ef0-6ddd-4ffe-9f5b-dda86ce0bcfa      -28.00 HKD

2025-11-07 Kowloon Motor Bus/Long Win Bus  ; activity: reward, duration: -PT23H59M59S, time: 23:59:59, timezone: UTC+08:00
    assets:special:rewards:club1933:7e6d8351-c575-4d02-bbbb-17bdbf3bedcc     21.90 _PT/E
    assets:accrued revenues:rewards                                         -11.90 _PT/E
    revenues:rewards                                                        -10.00 _PT/E

2025-11-08 (41187592, 82) Cafe 100%  ; activity: eating, duration: PT42M58S, eating: breakfast, time: 11:21:02, timezone: UTC+08:00
    expenses:food and drinks:dining                                         35.00 HKD  ; food_or_drink: hot coffee + more milk, food_or_drink: scrambled egg sandwich, food_or_drink: sugar-free oatmeal in fresh milk
    assets:digital:Octopus cards:1608ef20-afcd-4cd0-9631-2c7b15437521      -35.00 HKD

2025-11-08 (41187681, 41) Cafe 100%  ; activity: eating, duration: PT28M10S, eating: afternoon tea, time: 15:06:50, timezone: UTC+08:00
    expenses:food and drinks:dining                                         34.00 HKD  ; food_or_drink: condensed milk & butter on toast, food_or_drink: red beans iced drink + less ice + less sugar, food_or_drink: shredded pork & preserved vegetables with rice vermicelli in soup
    assets:digital:Octopus cards:1608ef20-afcd-4cd0-9631-2c7b15437521      -34.00 HKD

2025-11-08 7-Eleven  ; activity: eating, eating: snacks, time: 21:04, timezone: UTC+08:00
    expenses:food and drinks:snacks                                         10.00 HKD  ; food_or_drink: Pringles® ORIGINAL FLAVOUR POTATO ×2
    assets:digital:Octopus cards:1608ef20-afcd-4cd0-9631-2c7b15437521      -10.00 HKD

2025-11-08 Kowloon Motor Bus/Long Win Bus  ; activity: reward, duration: -PT23H59M59S, time: 23:59:59, timezone: UTC+08:00
    assets:special:rewards:club1933:7e6d8351-c575-4d02-bbbb-17bdbf3bedcc     34.00 _PT/E
    assets:accrued revenues:rewards                                         -24.00 _PT/E
    revenues:rewards                                                        -10.00 _PT/E

2025-11-09 Mass Transit Railway  ; activity: transport, time: 13:53, timezone: UTC+08:00
    expenses:transport:trains                                                4.90 HKD
    assets:digital:Octopus cards:1608ef20-afcd-4cd0-9631-2c7b15437521       -4.90 HKD

2025-11-09 (4A61, NB0957014939) 7fc76083-5175-421d-8c6f-d15897b5ee8e  ; MOBILE WITHDRAWAL (10NOV25), activity: transfer, time: 13:50, timezone: UTC+08:00
    assets:cash                                                        100.00 HKD
    assets:banks:eb3a5344-9cdb-471f-a489-ea8981329cd6:HKD savings     -100.00 HKD

2025-11-09 Game Zone  ; activity: transfer, time: 14:07, timezone: UTC+08:00
    assets:digital:Game Zone:Hollywood:cc4e72c7-108e-44ff-bf90-49916ac984f5      100.00 HKD = 102.00 HKD
    assets:cash                                                                 -100.00 HKD

2025-11-09 Game Zone  ; activity: consumption, duration: PT13M, time: 14:09, timezone: UTC+08:00
    expenses:gaming:maimai                                                         6.00 HKD
    assets:digital:Game Zone:Hollywood:cc4e72c7-108e-44ff-bf90-49916ac984f5       -6.00 HKD

2025-11-09 Game Zone  ; activity: consumption, duration: PT15M, time: 14:25, timezone: UTC+08:00
    expenses:gaming:maimai                                                         6.00 HKD
    assets:digital:Game Zone:Hollywood:cc4e72c7-108e-44ff-bf90-49916ac984f5       -6.00 HKD

2025-11-09 Game Zone  ; activity: consumption, duration: PT14M, time: 14:43, timezone: UTC+08:00
    expenses:gaming:maimai                                                         6.00 HKD
    assets:digital:Game Zone:Hollywood:cc4e72c7-108e-44ff-bf90-49916ac984f5       -6.00 HKD

2025-11-09 Game Zone  ; activity: consumption, duration: PT15M, time: 15:00, timezone: UTC+08:00
    expenses:gaming:maimai                                                         6.00 HKD
    assets:digital:Game Zone:Hollywood:cc4e72c7-108e-44ff-bf90-49916ac984f5       -6.00 HKD

2025-11-09 Game Zone  ; activity: consumption, duration: PT15M, time: 15:18, timezone: UTC+08:00
    expenses:gaming:maimai                                                         6.00 HKD
    assets:digital:Game Zone:Hollywood:cc4e72c7-108e-44ff-bf90-49916ac984f5       -6.00 HKD

2025-11-09 Game Zone  ; activity: consumption, duration: PT14M, time: 15:35, timezone: UTC+08:00
    expenses:gaming:maimai                                                         6.00 HKD
    assets:digital:Game Zone:Hollywood:cc4e72c7-108e-44ff-bf90-49916ac984f5       -6.00 HKD = 66.00 HKD

2025-11-09 * (000-191978, 3) Saizeriya  ; activity: eating, duration: PT59M45S, eating: dinner, time: 16:05:28, timezone: UTC+08:00
    expenses:food and drinks:dining                                         30.00 HKD  ; food_or_drink: chicken doria
    assets:loans:friends:bfa32943-960d-4df1-9997-e2391f5551a1               34.00 HKD = 34.00 HKD
    assets:digital:Octopus cards:1608ef20-afcd-4cd0-9631-2c7b15437521      -64.00 HKD

2025-11-09 (HD125B0935365330, FRN20251109PAYC0102919306359) bfa32943-960d-4df1-9997-e2391f5551a1  ; activity: repayment, time: 17:06, timezone: UTC+08:00
    assets:banks:eb3a5344-9cdb-471f-a489-ea8981329cd6:HKD savings       34.00 HKD
    assets:loans:friends:bfa32943-960d-4df1-9997-e2391f5551a1          -34.00 HKD = 0.00 HKD

2025-11-09 (CB900065872, FRN20251109PAYD0102919372881, OCTOPUS038084565301286497) self  ; activity: transfer, time: 17:29:30, timezone: UTC+08:00, via: eDDA
    assets:digital:Octopus:abb12fe5-9fea-4bc4-b062-5a393eea2be2        200.00 HKD
    assets:banks:eb3a5344-9cdb-471f-a489-ea8981329cd6:HKD savings     -200.00 HKD

2025-11-09 self  ; activity: transfer, time: 17:29:34, timezone: UTC+08:00
    assets:digital:Octopus cards:1608ef20-afcd-4cd0-9631-2c7b15437521      200.00 HKD
    assets:digital:Octopus:abb12fe5-9fea-4bc4-b062-5a393eea2be2           -200.00 HKD

2025-11-09 Mass Transit Railway  ; activity: transport, time: 17:58, timezone: UTC+08:00
    expenses:transport:trains                                                4.90 HKD
    assets:digital:Octopus cards:1608ef20-afcd-4cd0-9631-2c7b15437521       -4.90 HKD

2025-11-09 Kowloon Motor Bus/Long Win Bus  ; activity: reward, duration: -PT23H59M59S, time: 23:59:59, timezone: UTC+08:00
    assets:special:rewards:club1933:7e6d8351-c575-4d02-bbbb-17bdbf3bedcc     31.90 _PT/E
    assets:accrued revenues:rewards                                         -21.90 _PT/E
    revenues:rewards                                                        -10.00 _PT/E

2025-11-10 * (1339-7287, pi_3SRfW1BMoBY3wEtc1P8iRNMT) *********@****************.com  ; polyipseity (@polyipseity) - Support, activity: donation, time: 04:47:14, timezone: UTC+08:00
    equity:conversions:HKD-USD:USD                                   10.61 USD  ; rate: 7.61994
    assets:digital:Stripe:bcb642b1-392c-4f0b-84a1-96785fd1a0dc       71.54 HKD
    expenses:fees:Buy Me a Coffee                                     3.81 HKD
    expenses:fees:Stripe                                              5.50 HKD
    equity:conversions:HKD-USD:HKD                                  -80.85 HKD
    revenues:donations:Buy Me a Coffee:polyipseity                  -10.61 USD

2025-11-10 Kowloon Motor Bus/Long Win Bus  ; activity: transport, time: 09:11, timezone: UTC+08:00
    expenses:transport:buses                                                12.10 HKD
    assets:accrued revenues:rewards                                       12.10 _PT/E
    assets:digital:Octopus cards:1608ef20-afcd-4cd0-9631-2c7b15437521      -12.10 HKD
    revenues:rewards                                                     -12.10 _PT/E

2025-11-10 Kowloon Motor Bus/Long Win Bus  ; activity: transport, time: 09:42, timezone: UTC+08:00
    expenses:transport:buses                                                 2.90 HKD
    assets:accrued revenues:rewards                                        2.90 _PT/E
    assets:digital:Octopus cards:1608ef20-afcd-4cd0-9631-2c7b15437521       -2.90 HKD
    revenues:rewards                                                      -2.90 _PT/E

2025-11-10 7e049a63-ac77-450b-a5f1-4d9a984421dd  ; activity: education, duration: PT2H, time: 09:00, timezone: UTC+08:00
    assets:accrued revenues:incomes:education      136.00 HKD
    revenues:incomes:education                    -136.00 HKD

2025-11-10 (5700132634) c3519e26-caa7-467e-8057-ff4a3eeabd55  ; activity: eating, eating: lunch, time: 12:28:47, timezone: UTC+08:00
    expenses:food and drinks:dining                                         32.50 HKD  ; food_or_drink: baked rice with chicken Portuguese style
    assets:digital:Octopus cards:1608ef20-afcd-4cd0-9631-2c7b15437521      -32.50 HKD

2025-11-10 Swire  ; activity: eating, eating: drinks, time: 12:50, timezone: UTC+08:00, via: COKE+ vending machine
    expenses:food and drinks:drinks                                          4.00 HKD  ; food_or_drink: "Schweppes" +C Lemon Soda (can)
    assets:digital:Octopus cards:1608ef20-afcd-4cd0-9631-2c7b15437521       -4.00 HKD

2025-11-10 (13/132888) 9da2b39f-64b4-4721-a033-b50e84a4a76d  ; activity: eating, eating: afternoon tea, time: 14:31:30, timezone: UTC+08:00
    expenses:food and drinks:dining                                         25.00 HKD  ; food_or_drink: curry puff, food_or_drink: garden gourmet salad hot dog, food_or_drink: hot coffee + more milk
    expenses:food and drinks:dining                                          5.00 HKD  ; food_or_drink: vermicelli in soup with ham
    assets:digital:Octopus cards:1608ef20-afcd-4cd0-9631-2c7b15437521      -30.00 HKD

2025-11-10 Kowloon Motor Bus/Long Win Bus  ; activity: transport, time: 20:27, timezone: UTC+08:00
    expenses:transport:buses                                                 3.10 HKD
    assets:accrued revenues:rewards                                        3.10 _PT/E
    assets:digital:Octopus cards:1608ef20-afcd-4cd0-9631-2c7b15437521       -3.10 HKD
    revenues:rewards                                                      -3.10 _PT/E

2025-11-10 Kowloon Motor Bus/Long Win Bus  ; activity: transport, time: 20:45, timezone: UTC+08:00
    expenses:transport:buses                                                 5.90 HKD
    assets:accrued revenues:rewards                                        5.90 _PT/E
    assets:digital:Octopus cards:1608ef20-afcd-4cd0-9631-2c7b15437521       -5.90 HKD
    revenues:rewards                                                      -5.90 _PT/E

2025-11-10 Kowloon Motor Bus/Long Win Bus  ; activity: reward, duration: -PT23H59M59S, time: 23:59:59, timezone: UTC+08:00
    assets:special:rewards:club1933:7e6d8351-c575-4d02-bbbb-17bdbf3bedcc     33.20 _PT/E
    assets:accrued revenues:rewards                                         -23.20 _PT/E
    revenues:rewards                                                        -10.00 _PT/E

2025-11-11 (41188556, 71) Cafe 100%  ; activity: eating, duration: PT24M38S, eating: afternoon tea, time: 14:14:22, timezone: UTC+08:00
    expenses:food and drinks:dining                                         34.00 HKD  ; food_or_drink: condensed milk & butter on toast, food_or_drink: red beans iced drink + less ice + no sugar, food_or_drink: shredded pork & preserved vegetables with rice vermicelli in soup
    assets:digital:Octopus cards:1608ef20-afcd-4cd0-9631-2c7b15437521      -34.00 HKD

2025-11-11 Kowloon Motor Bus/Long Win Bus  ; activity: transport, time: 15:17, timezone: UTC+08:00
    expenses:transport:buses                                                10.00 HKD
    assets:accrued revenues:rewards                                       10.00 _PT/E
    assets:digital:Octopus cards:1608ef20-afcd-4cd0-9631-2c7b15437521      -10.00 HKD
    revenues:rewards                                                     -10.00 _PT/E

2025-11-11 Kowloon Motor Bus/Long Win Bus  ; activity: transport, time: 15:51, timezone: UTC+08:00
    expenses:transport:buses                                                 2.90 HKD
    assets:accrued revenues:rewards                                        2.90 _PT/E
    assets:digital:Octopus cards:1608ef20-afcd-4cd0-9631-2c7b15437521       -2.90 HKD
    revenues:rewards                                                      -2.90 _PT/E

2025-11-11 public light bus  ; activity: transport, time: 21:23, timezone: UTC+08:00
    expenses:transport:minibuses                                             8.80 HKD
    assets:digital:Octopus cards:1608ef20-afcd-4cd0-9631-2c7b15437521       -8.80 HKD

2025-11-11 Mass Transit Railway  ; activity: transport, time: 22:18, timezone: UTC+08:00
    expenses:transport:trains                                                4.40 HKD
    assets:digital:Octopus cards:1608ef20-afcd-4cd0-9631-2c7b15437521       -4.40 HKD

2025-11-11 Kowloon Motor Bus/Long Win Bus  ; activity: reward, duration: -PT23H59M59S, time: 23:59:59, timezone: UTC+08:00
    assets:special:rewards:club1933:7e6d8351-c575-4d02-bbbb-17bdbf3bedcc     34.00 _PT/E
    assets:accrued revenues:rewards                                         -24.00 _PT/E
    revenues:rewards                                                        -10.00 _PT/E

2025-11-12 Kowloon Motor Bus/Long Win Bus  ; activity: transport, time: 09:22, timezone: UTC+08:00
    expenses:transport:buses                                                12.10 HKD
    assets:accrued revenues:rewards                                       12.10 _PT/E
    assets:digital:Octopus cards:1608ef20-afcd-4cd0-9631-2c7b15437521      -12.10 HKD
    revenues:rewards                                                     -12.10 _PT/E

2025-11-12 (CBC02204232, FRN20251112PAYD0102926083598, OCTOPUS038084565301286497) self  ; activity: transfer, time: 09:49:54, timezone: UTC+08:00, via: eDDA
    assets:digital:Octopus:abb12fe5-9fea-4bc4-b062-5a393eea2be2        200.00 HKD
    assets:banks:eb3a5344-9cdb-471f-a489-ea8981329cd6:HKD savings     -200.00 HKD

2025-11-12 self  ; activity: transfer, time: 09:49:58, timezone: UTC+08:00
    assets:digital:Octopus cards:1608ef20-afcd-4cd0-9631-2c7b15437521      200.00 HKD
    assets:digital:Octopus:abb12fe5-9fea-4bc4-b062-5a393eea2be2           -200.00 HKD

2025-11-12 Kowloon Motor Bus/Long Win Bus  ; activity: transport, time: 09:50, timezone: UTC+08:00
    expenses:transport:buses                                                 2.90 HKD
    assets:accrued revenues:rewards                                        2.90 _PT/E
    assets:digital:Octopus cards:1608ef20-afcd-4cd0-9631-2c7b15437521       -2.90 HKD
    revenues:rewards                                                      -2.90 _PT/E

2025-11-12 (5800144564) c3519e26-caa7-467e-8057-ff4a3eeabd55  ; activity: eating, eating: lunch, time: 12:10:02, timezone: UTC+08:00
    expenses:food and drinks:dining                                         29.00 HKD  ; food_or_drink: scramble egg and sliced pork with rice
    assets:digital:Octopus cards:1608ef20-afcd-4cd0-9631-2c7b15437521      -29.00 HKD

2025-11-12 (081-1845) 96da94cc-4caf-4935-92e6-409046be8486  ; activity: eating, eating: afternoon tea, time: 15:16:18, timezone: UTC+08:00
    expenses:food and drinks:dining                                         30.60 HKD  ; food_or_drink: hot local milk tea, food_or_drink: mini bolognese spaghetti, food_or_drink: soup of the day
    assets:digital:Octopus cards:1608ef20-afcd-4cd0-9631-2c7b15437521      -30.60 HKD

2025-11-12 Kowloon Motor Bus/Long Win Bus  ; activity: transport, time: 20:30, timezone: UTC+08:00
    expenses:transport:buses                                                 3.10 HKD
    assets:accrued revenues:rewards                                        3.10 _PT/E
    assets:digital:Octopus cards:1608ef20-afcd-4cd0-9631-2c7b15437521       -3.10 HKD
    revenues:rewards                                                      -3.10 _PT/E

2025-11-12 * (000-192663, 43) Saizeriya  ; activity: eating, duration: PT37M58S, eating: dinner, time: 21:02:45, timezone: UTC+08:00
    expenses:food and drinks:dining                                      25.00 HKD  ; food_or_drink: frittata
    expenses:food and drinks:dining                                      12.00 HKD  ; food_or_drink: garlic baguette
    liabilities:loans:friends:02f358e9-368a-40e8-875f-12a660a27abe      -37.00 HKD = -37.00 HKD

2025-11-12 Mass Transit Railway  ; activity: transport, time: 22:34, timezone: UTC+08:00
    expenses:transport:trains                                                4.90 HKD
    assets:digital:Octopus cards:1608ef20-afcd-4cd0-9631-2c7b15437521       -4.90 HKD

2025-11-12 Kowloon Motor Bus/Long Win Bus  ; activity: reward, duration: -PT23H59M59S, time: 23:59:59, timezone: UTC+08:00
    assets:special:rewards:club1933:7e6d8351-c575-4d02-bbbb-17bdbf3bedcc     33.90 _PT/E
    assets:accrued revenues:rewards                                         -23.90 _PT/E
    revenues:rewards                                                        -10.00 _PT/E

2025-11-13 (41189077, 92) Cafe 100%  ; activity: eating, duration: PT33M38S, eating: breakfast, time: 11:24:22, timezone: UTC+08:00
    expenses:food and drinks:dining                                         35.00 HKD  ; food_or_drink: hot coffee + more milk, food_or_drink: scrambled egg sandwich, food_or_drink: sugar-free oatmeal in fresh milk
    assets:digital:Octopus cards:1608ef20-afcd-4cd0-9631-2c7b15437521      -35.00 HKD

2025-11-13 (HD125B1346774316, NB1371798713) 02f358e9-368a-40e8-875f-12a660a27abe  ; activity: repayment, time: 13:10:19, timezone: UTC+08:00
    liabilities:loans:friends:02f358e9-368a-40e8-875f-12a660a27abe       37.00 HKD = 0.00 HKD
    assets:banks:eb3a5344-9cdb-471f-a489-ea8981329cd6:HKD savings       -37.00 HKD

2025-11-13 Kowloon Motor Bus/Long Win Bus  ; activity: transport, time: 15:48, timezone: UTC+08:00
    expenses:transport:buses                                                10.00 HKD
    assets:accrued revenues:rewards                                       10.00 _PT/E
    assets:digital:Octopus cards:1608ef20-afcd-4cd0-9631-2c7b15437521      -10.00 HKD
    revenues:rewards                                                     -10.00 _PT/E

2025-11-13 Kowloon Motor Bus/Long Win Bus  ; activity: transport, time: 16:20, timezone: UTC+08:00
    expenses:transport:buses                                                 2.90 HKD
    assets:accrued revenues:rewards                                        2.90 _PT/E
    assets:digital:Octopus cards:1608ef20-afcd-4cd0-9631-2c7b15437521       -2.90 HKD
    revenues:rewards                                                      -2.90 _PT/E

2025-11-13 (58C75E/3077, 327, 44) McDonald's  ; activity: eating, eating: dinner, time: 19:47:12, timezone: UTC+08:00
    expenses:food and drinks:dining                                         36.50 HKD  ; food_or_drink: hot chocolate, food_or_drink: large fries, food_or_drink: sau egg + large, food_or_drink: seaweed seasoning
    assets:digital:Octopus cards:1608ef20-afcd-4cd0-9631-2c7b15437521      -36.50 HKD

2025-11-13 Swire  ; activity: eating, eating: drinks, time: 22:12, timezone: UTC+08:00, via: COKE+ vending machine
    expenses:food and drinks:drinks                                          4.00 HKD  ; food_or_drink: "Schweppes" +C Lemon Soda (can)
    assets:digital:Octopus cards:1608ef20-afcd-4cd0-9631-2c7b15437521       -4.00 HKD

2025-11-13 Kowloon Motor Bus/Long Win Bus  ; activity: transport, time: 22:26, timezone: UTC+08:00
    expenses:transport:buses                                                 3.10 HKD
    assets:accrued revenues:rewards                                        3.10 _PT/E
    assets:digital:Octopus cards:1608ef20-afcd-4cd0-9631-2c7b15437521       -3.10 HKD
    revenues:rewards                                                      -3.10 _PT/E

2025-11-13 Kowloon Motor Bus/Long Win Bus  ; activity: transport, time: 22:46, timezone: UTC+08:00
    expenses:transport:buses                                                 5.90 HKD
    assets:accrued revenues:rewards                                        5.90 _PT/E
    assets:digital:Octopus cards:1608ef20-afcd-4cd0-9631-2c7b15437521       -5.90 HKD
    revenues:rewards                                                      -5.90 _PT/E

2025-11-14 Kowloon Motor Bus/Long Win Bus  ; activity: transport, time: 11:56, timezone: UTC+08:00
    expenses:transport:buses                                                12.10 HKD
    assets:accrued revenues:rewards                                       12.10 _PT/E
    assets:digital:Octopus cards:1608ef20-afcd-4cd0-9631-2c7b15437521      -12.10 HKD
    revenues:rewards                                                     -12.10 _PT/E

2025-11-14 Kowloon Motor Bus/Long Win Bus  ; activity: transport, time: 12:31, timezone: UTC+08:00
    expenses:transport:buses                                                 4.20 HKD
    assets:accrued revenues:rewards                                        4.20 _PT/E
    assets:digital:Octopus cards:1608ef20-afcd-4cd0-9631-2c7b15437521       -4.20 HKD
    revenues:rewards                                                      -4.20 _PT/E

2025-11-14 7e049a63-ac77-450b-a5f1-4d9a984421dd  ; activity: education, duration: PT2H, time: 13:00, timezone: UTC+08:00
    assets:accrued revenues:incomes:education      136.00 HKD
    revenues:incomes:education                    -136.00 HKD

2025-11-14 (5900122500, 37) c3519e26-caa7-467e-8057-ff4a3eeabd55  ; activity: eating, eating: afternoon tea, time: 16:31:42, timezone: UTC+08:00
    expenses:food and drinks:dining                                         27.00 HKD  ; food_or_drink: French fries, food_or_drink: deep-fried fish fillet, food_or_drink: hot Ovaltine + more milk
    assets:digital:Octopus cards:1608ef20-afcd-4cd0-9631-2c7b15437521      -27.00 HKD

2025-11-14 (CBE04356094, FRN20251114PAYD0102932821218, OCTOPUS038084565301286497) self  ; activity: transfer, time: 19:24:22, timezone: UTC+08:00, via: eDDA
    assets:digital:Octopus:abb12fe5-9fea-4bc4-b062-5a393eea2be2        200.00 HKD
    assets:banks:eb3a5344-9cdb-471f-a489-ea8981329cd6:HKD savings     -200.00 HKD

2025-11-14 self  ; activity: transfer, time: 19:24:25, timezone: UTC+08:00
    assets:digital:Octopus cards:1608ef20-afcd-4cd0-9631-2c7b15437521      200.00 HKD
    assets:digital:Octopus:abb12fe5-9fea-4bc4-b062-5a393eea2be2           -200.00 HKD

2025-11-14 Swire  ; activity: eating, eating: drinks, time: 19:24, timezone: UTC+08:00, via: COKE+ vending machine
    expenses:food and drinks:drinks                                          4.00 HKD  ; food_or_drink: "Schweppes" +C Lemon Soda (can)
    assets:digital:Octopus cards:1608ef20-afcd-4cd0-9631-2c7b15437521       -4.00 HKD

2025-11-14 Kowloon Motor Bus/Long Win Bus  ; activity: transport, time: 19:55, timezone: UTC+08:00
    expenses:transport:buses                                                 3.10 HKD
    assets:accrued revenues:rewards                                        3.10 _PT/E
    assets:digital:Octopus cards:1608ef20-afcd-4cd0-9631-2c7b15437521       -3.10 HKD
    revenues:rewards                                                      -3.10 _PT/E

2025-11-14 Kowloon Motor Bus/Long Win Bus  ; activity: transport, time: 20:20, timezone: UTC+08:00
    expenses:transport:buses                                                 5.80 HKD
    assets:accrued revenues:rewards                                        5.80 _PT/E
    assets:digital:Octopus cards:1608ef20-afcd-4cd0-9631-2c7b15437521       -5.80 HKD
    revenues:rewards                                                      -5.80 _PT/E

2025-11-14 洪記麵家 (Hungkee Noodles)  ; activity: eating, eating: dinner, time: 20:58, timezone: UTC+08:00
    expenses:food and drinks:dining                                         38.00 HKD  ; food_or_drink: 招牌魚蛋 + 米線 + 走蒽 + 加底
    equity:friends:ef3d8ef0-6ddd-4ffe-9f5b-dda86ce0bcfa                     38.00 HKD  ; food_or_drink: 招牌魚蛋 + 米線 + 走蒽 + 加底
    assets:digital:Octopus cards:1608ef20-afcd-4cd0-9631-2c7b15437521      -76.00 HKD

2025-11-15 (41189679, 15) Cafe 100%  ; activity: eating, duration: PT28M21S, eating: breakfast, time: 10:55:39, timezone: UTC+08:00
    expenses:food and drinks:dining                                         35.00 HKD  ; food_or_drink: hot coffee + more milk, food_or_drink: scrambled egg sandwich, food_or_drink: sugar-free oatmeal in fresh milk
    assets:digital:Octopus cards:1608ef20-afcd-4cd0-9631-2c7b15437521      -35.00 HKD

2025-11-15 (41189822, 17) Cafe 100%  ; activity: eating, duration: PT21M17S, eating: afternoon tea, time: 15:01:43, timezone: UTC+08:00
    expenses:food and drinks:dining                                         34.00 HKD  ; food_or_drink: condensed milk & butter on toast, food_or_drink: red beans iced drink + less ice + no sugar, food_or_drink: shredded pork & preserved vegetables with rice vermicelli in soup
    assets:digital:Octopus cards:1608ef20-afcd-4cd0-9631-2c7b15437521      -34.00 HKD

2025-11-15 Mass Transit Railway  ; activity: transport, time: 19:15, timezone: UTC+08:00
    expenses:transport:trains                                                7.40 HKD
    assets:digital:Octopus cards:1608ef20-afcd-4cd0-9631-2c7b15437521       -7.40 HKD

2025-11-15 Mass Transit Railway  ; activity: transport, time: 22:20, timezone: UTC+08:00
    expenses:transport:trains                                                7.40 HKD
    assets:digital:Octopus cards:1608ef20-afcd-4cd0-9631-2c7b15437521       -7.40 HKD

2025-11-16 (72255028, 17) Cafe 100%  ; activity: eating, duration: PT29M2S, eating: breakfast, time: 11:28:58, timezone: UTC+08:00
    expenses:food and drinks:dining                                         35.00 HKD  ; food_or_drink: hot coffee + more milk, food_or_drink: scrambled egg sandwich, food_or_drink: sugar-free oatmeal in fresh milk
    assets:digital:Octopus cards:1608ef20-afcd-4cd0-9631-2c7b15437521      -35.00 HKD

2025-11-16 (CBG05811087, FRN20251116PAYD0102936846991, OCTOPUS038084565301286497) self  ; activity: transfer, time: 16:58:34, timezone: UTC+08:00, via: eDDA
    assets:digital:Octopus:abb12fe5-9fea-4bc4-b062-5a393eea2be2        200.00 HKD
    assets:banks:eb3a5344-9cdb-471f-a489-ea8981329cd6:HKD savings     -200.00 HKD

2025-11-16 self  ; activity: transfer, time: 16:58:37, timezone: UTC+08:00
    assets:digital:Octopus cards:1608ef20-afcd-4cd0-9631-2c7b15437521      200.00 HKD
    assets:digital:Octopus:abb12fe5-9fea-4bc4-b062-5a393eea2be2           -200.00 HKD

2025-11-16 (41190200, 42) Cafe 100%  ; activity: eating, duration: PT22M2S, eating: afternoon tea, time: 16:35:58, timezone: UTC+08:00
    expenses:food and drinks:dining                                         34.00 HKD  ; food_or_drink: condensed milk & butter on toast, food_or_drink: red beans iced drink + less ice + no sugar, food_or_drink: shredded pork & preserved vegetables with rice vermicelli in soup
    assets:digital:Octopus cards:1608ef20-afcd-4cd0-9631-2c7b15437521      -34.00 HKD

2025-11-17 Mass Transit Railway  ; activity: transport, time: 09:45, timezone: UTC+08:00
    expenses:transport:trains                                                4.90 HKD
    assets:digital:Octopus cards:1608ef20-afcd-4cd0-9631-2c7b15437521       -4.90 HKD

2025-11-17 Kowloon Motor Bus/Long Win Bus  ; activity: transport, time: 09:48, timezone: UTC+08:00
    expenses:transport:buses                                                 7.10 HKD
    assets:accrued revenues:rewards                                        7.10 _PT/E
    assets:digital:Octopus cards:1608ef20-afcd-4cd0-9631-2c7b15437521       -7.10 HKD
    revenues:rewards                                                      -7.10 _PT/E

2025-11-17 (271520, K188) ed096bd9-4609-4c33-9930-a0c6b67dde2e  ; activity: eating, eating: breakfast, time: 10:20:01, timezone: UTC+08:00
    expenses:food and drinks:dining                                         24.00 HKD  ; food_or_drink: baked fried tomato beans, food_or_drink: hot coffee (8 oz) + more milk, food_or_drink: sauteed fresh mushroom, food_or_drink: scrambled egg, food_or_drink: toast
    assets:digital:Octopus cards:1608ef20-afcd-4cd0-9631-2c7b15437521      -24.00 HKD

2025-11-17 (7/075536) 9da2b39f-64b4-4721-a033-b50e84a4a76d  ; activity: eating, eating: afternoon tea, time: 14:42:43, timezone: UTC+08:00
    expenses:food and drinks:dining                                         29.00 HKD  ; food_or_drink: 芝士焗肉醬意粉
    assets:digital:Octopus cards:1608ef20-afcd-4cd0-9631-2c7b15437521      -29.00 HKD

2025-11-17 (HD125B1758354299, FRN20251117PAYC0102939266267, po_1STltvBMoBY3wEtcbMTrSLpw) Stripe  ; STRIPE PAYMENTS EUROPE, LIMITED, activity: transfer, time: 15:10:10, timezone: UTC+08:00
    assets:banks:eb3a5344-9cdb-471f-a489-ea8981329cd6:HKD savings       71.54 HKD
    assets:digital:Stripe:bcb642b1-392c-4f0b-84a1-96785fd1a0dc         -71.54 HKD = 0.00 HKD

2025-11-17 Swire  ; activity: eating, eating: drinks, time: 18:53, timezone: UTC+08:00, via: COKE+ vending machine
    expenses:food and drinks:drinks                                          4.00 HKD  ; food_or_drink: "Schweppes" +C Lemon Soda (can)
    assets:digital:Octopus cards:1608ef20-afcd-4cd0-9631-2c7b15437521       -4.00 HKD

2025-11-17 Kowloon Motor Bus/Long Win Bus  ; activity: transport, time: 19:15, timezone: UTC+08:00
    expenses:transport:buses                                                 3.10 HKD
    assets:accrued revenues:rewards                                        3.10 _PT/E
    assets:digital:Octopus cards:1608ef20-afcd-4cd0-9631-2c7b15437521       -3.10 HKD
    revenues:rewards                                                      -3.10 _PT/E

2025-11-17 * (202511172468, 2468, 8520309) Sushiro  ; activity: eating, duration: PT1H7M20S, eating: dinner, time: 20, timezone: UTC+08:00
    expenses:food and drinks:dining                                         78.00 HKD  ; food_or_drink: (unknown)
    expenses:food and drinks:fees                                            8.30 HKD  ; food_or_drink: 10% service charge
    assets:loans:friends:c8c2a002-b806-4d93-a543-5ff93dcab8b6               84.70 HKD = 84.70 HKD
    assets:digital:Octopus cards:1608ef20-afcd-4cd0-9631-2c7b15437521     -171.00 HKD

2025-11-17 (CBH06844832, FRN20251117PAYD0102940121407, OCTOPUS038084565301286497) self  ; activity: transfer, time: 21:07:00, timezone: UTC+08:00, via: eDDA
    assets:digital:Octopus:abb12fe5-9fea-4bc4-b062-5a393eea2be2        200.00 HKD
    assets:banks:eb3a5344-9cdb-471f-a489-ea8981329cd6:HKD savings     -200.00 HKD

2025-11-17 self  ; activity: transfer, time: 21:07:03, timezone: UTC+08:00
    assets:digital:Octopus cards:1608ef20-afcd-4cd0-9631-2c7b15437521      200.00 HKD
    assets:digital:Octopus:abb12fe5-9fea-4bc4-b062-5a393eea2be2           -200.00 HKD

2025-11-17 (HD125B1759309981, FRN20251117PAYC0102940128379) c8c2a002-b806-4d93-a543-5ff93dcab8b6  ; activity: repayment, time: 21:10, timezone: UTC+08:00
    assets:banks:eb3a5344-9cdb-471f-a489-ea8981329cd6:HKD savings       84.70 HKD
    assets:loans:friends:c8c2a002-b806-4d93-a543-5ff93dcab8b6          -84.70 HKD = 0.00 HKD

2025-11-17 Mass Transit Railway  ; activity: transport, time: 21:58, timezone: UTC+08:00
    expenses:transport:trains                                                4.90 HKD
    assets:digital:Octopus cards:1608ef20-afcd-4cd0-9631-2c7b15437521       -4.90 HKD

2025-11-17 (FRN20251117PAYC0302937990406, HD125B1756869787, 20251119_092957) 7e049a63-ac77-450b-a5f1-4d9a984421dd  ; activity: paycheck, time: 08, timezone: UTC+08:00
    assets:banks:eb3a5344-9cdb-471f-a489-ea8981329cd6:HKD savings     2 516.00 HKD
    assets:trusts:8f65af3c-57dd-4032-996d-b4ce1c844cc3                  125.80 HKD
    assets:accrued revenues:incomes:education                        -2 516.00 HKD
    revenues:incomes:education                                         -125.80 HKD

2025-11-18 Kowloon Motor Bus/Long Win Bus  ; activity: transport, time: 07:22, timezone: UTC+08:00
    expenses:transport:buses                                                12.10 HKD
    assets:accrued revenues:rewards                                       12.10 _PT/E
    assets:digital:Octopus cards:1608ef20-afcd-4cd0-9631-2c7b15437521      -12.10 HKD
    revenues:rewards                                                     -12.10 _PT/E

2025-11-18 Kowloon Motor Bus/Long Win Bus  ; activity: transport, time: 07:59, timezone: UTC+08:00
    expenses:transport:buses                                                 2.90 HKD
    assets:accrued revenues:rewards                                        2.90 _PT/E
    assets:digital:Octopus cards:1608ef20-afcd-4cd0-9631-2c7b15437521       -2.90 HKD
    revenues:rewards                                                      -2.90 _PT/E

2025-11-18 (272700, K233) ed096bd9-4609-4c33-9930-a0c6b67dde2e  ; activity: eating, eating: breakfast, time: 10:42:05, timezone: UTC+08:00
    expenses:food and drinks:dining                                         24.00 HKD  ; food_or_drink: baked fried tomato beans, food_or_drink: hot coffee (8 oz), food_or_drink: sauteed fresh mushroom, food_or_drink: scrambled egg, food_or_drink: toast
    assets:digital:Octopus cards:1608ef20-afcd-4cd0-9631-2c7b15437521      -24.00 HKD

2025-11-18 (7/075882) 9da2b39f-64b4-4721-a033-b50e84a4a76d  ; activity: eating, eating: afternoon tea, time: 15:27:25, timezone: UTC+08:00
    expenses:food and drinks:dining                                         24.00 HKD  ; food_or_drink: fried chicken thigh, food_or_drink: hot Ovaltine + more milk, food_or_drink: spicy potato wedges
    expenses:food and drinks:dining                                          5.00 HKD  ; food_or_drink: ham, food_or_drink: vermicelli in soup
    assets:digital:Octopus cards:1608ef20-afcd-4cd0-9631-2c7b15437521      -29.00 HKD

2025-11-18 Kowloon Motor Bus/Long Win Bus  ; activity: transport, time: 20:48, timezone: UTC+08:00
    expenses:transport:buses                                                 3.10 HKD
    assets:accrued revenues:rewards                                        3.10 _PT/E
    assets:digital:Octopus cards:1608ef20-afcd-4cd0-9631-2c7b15437521       -3.10 HKD
    revenues:rewards                                                      -3.10 _PT/E

2025-11-18 (000-193890, 43) Saizeriya  ; activity: eating, duration: PT29M30S, eating: dinner, time: 21:19:43, timezone: UTC+08:00
    expenses:food and drinks:dining                                         25.00 HKD  ; food_or_drink: frittata
    expenses:food and drinks:dining                                         12.00 HKD  ; food_or_drink: garlic baguette
    assets:digital:Octopus cards:1608ef20-afcd-4cd0-9631-2c7b15437521      -37.00 HKD

2025-11-18 (CBI07630992, FRN20251118PAYD0102942627155, OCTOPUS038084565301286497) self  ; activity: transfer, time: 21:24:40, timezone: UTC+08:00, via: eDDA
    assets:digital:Octopus:abb12fe5-9fea-4bc4-b062-5a393eea2be2        200.00 HKD
    assets:banks:eb3a5344-9cdb-471f-a489-ea8981329cd6:HKD savings     -200.00 HKD

2025-11-18 self  ; activity: transfer, time: 21:24:44, timezone: UTC+08:00
    assets:digital:Octopus cards:1608ef20-afcd-4cd0-9631-2c7b15437521      200.00 HKD
    assets:digital:Octopus:abb12fe5-9fea-4bc4-b062-5a393eea2be2           -200.00 HKD

2025-11-18 Mass Transit Railway  ; activity: transport, time: 22:28, timezone: UTC+08:00
    expenses:transport:trains                                                4.90 HKD
    assets:digital:Octopus cards:1608ef20-afcd-4cd0-9631-2c7b15437521       -4.90 HKD

2025-11-19 (41191046, 42) Cafe 100%  ; activity: eating, duration: PT28M44S, eating: afternoon tea, time: 17:00:16, timezone: UTC+08:00
    expenses:food and drinks:dining                                         34.00 HKD  ; food_or_drink: condensed milk & butter on toast, food_or_drink: red beans iced drink + less ice + no sugar, food_or_drink: shredded pork & preserved vegetables with rice vermicelli in soup
    assets:digital:Octopus cards:1608ef20-afcd-4cd0-9631-2c7b15437521      -34.00 HKD

2025-11-19 Kowloon Motor Bus/Long Win Bus  ; activity: reward, duration: -P8D, time: 23:59:59, timezone: UTC+08:00
    assets:special:rewards:club1933:7e6d8351-c575-4d02-bbbb-17bdbf3bedcc    106.90 _PT/E
    assets:accrued revenues:rewards                                         -66.90 _PT/E
    revenues:rewards                                                        -40.00 _PT/E

2025-11-20 (41191179, 61) Cafe 100%  ; activity: eating, duration: PT23M10S, eating: breakfast, time: 10:32:50, timezone: UTC+08:00
    expenses:food and drinks:dining                                         35.00 HKD  ; food_or_drink: hot coffee + more milk, food_or_drink: scrambled egg sandwich, food_or_drink: sugar-free oatmeal in fresh milk
    assets:digital:Octopus cards:1608ef20-afcd-4cd0-9631-2c7b15437521      -35.00 HKD

2025-11-20 Kowloon Motor Bus/Long Win Bus  ; activity: transport, time: 11:20, timezone: UTC+08:00
    expenses:transport:buses                                                10.00 HKD
    assets:accrued revenues:rewards                                       10.00 _PT/E
    assets:digital:Octopus cards:1608ef20-afcd-4cd0-9631-2c7b15437521      -10.00 HKD
    revenues:rewards                                                     -10.00 _PT/E

2025-11-20 Kowloon Motor Bus/Long Win Bus  ; activity: transport, time: 11:49, timezone: UTC+08:00
    expenses:transport:buses                                                 2.90 HKD
    assets:accrued revenues:rewards                                        2.90 _PT/E
    assets:digital:Octopus cards:1608ef20-afcd-4cd0-9631-2c7b15437521       -2.90 HKD
    revenues:rewards                                                      -2.90 _PT/E

2025-11-20 (5800146308) c3519e26-caa7-467e-8057-ff4a3eeabd55  ; activity: eating, eating: dinner, time: 16:06:15, timezone: UTC+08:00
    expenses:food and drinks:dining                                         27.50 HKD  ; food_or_drink: hot Ovaltine, food_or_drink: satay chicken with instant noodle in soup
    assets:digital:Octopus cards:1608ef20-afcd-4cd0-9631-2c7b15437521      -27.50 HKD

2025-11-20 (5874F6/158, 357, 42) McDonald's  ; activity: eating, eating: dinner, time: 20:45:44, timezone: UTC+08:00
    expenses:food and drinks:dining                                         29.00 HKD  ; food_or_drink: BBQ sauce, food_or_drink: hot chocolate, food_or_drink: medium fries, food_or_drink: nuggets 6pcs
    assets:digital:Octopus cards:1608ef20-afcd-4cd0-9631-2c7b15437521      -29.00 HKD

2025-11-20 Kowloon Motor Bus/Long Win Bus  ; activity: transport, time: 21:41, timezone: UTC+08:00
    expenses:transport:buses                                                 3.10 HKD
    assets:accrued revenues:rewards                                        3.10 _PT/E
    assets:digital:Octopus cards:1608ef20-afcd-4cd0-9631-2c7b15437521       -3.10 HKD
    revenues:rewards                                                      -3.10 _PT/E

2025-11-20 Kowloon Motor Bus/Long Win Bus  ; activity: transport, time: 22:33, timezone: UTC+08:00
    expenses:transport:buses                                                 4.90 HKD
    assets:accrued revenues:rewards                                        4.90 _PT/E
    assets:digital:Octopus cards:1608ef20-afcd-4cd0-9631-2c7b15437521       -4.90 HKD
    revenues:rewards                                                      -4.90 _PT/E

2025-11-21 Kowloon Motor Bus/Long Win Bus  ; activity: transport, time: 11:44, timezone: UTC+08:00
    expenses:transport:buses                                                12.10 HKD
    assets:accrued revenues:rewards                                       12.10 _PT/E
    assets:digital:Octopus cards:1608ef20-afcd-4cd0-9631-2c7b15437521      -12.10 HKD
    revenues:rewards                                                     -12.10 _PT/E

2025-11-21 Kowloon Motor Bus/Long Win Bus  ; activity: transport, time: 12:15, timezone: UTC+08:00
    expenses:transport:buses                                                 2.90 HKD
    assets:accrued revenues:rewards                                        2.90 _PT/E
    assets:digital:Octopus cards:1608ef20-afcd-4cd0-9631-2c7b15437521       -2.90 HKD
    revenues:rewards                                                      -2.90 _PT/E

2025-11-21 7e049a63-ac77-450b-a5f1-4d9a984421dd  ; activity: education, duration: PT2H, time: 13:00, timezone: UTC+08:00
    assets:accrued revenues:incomes:education      136.00 HKD
    revenues:incomes:education                    -136.00 HKD

2025-11-21 (7/076852) 9da2b39f-64b4-4721-a033-b50e84a4a76d  ; activity: eating, eating: afternoon tea, time: 15:26:35, timezone: UTC+08:00
    expenses:food and drinks:dining                                         29.00 HKD  ; food_or_drink: hot Ovaltine, food_or_drink: mini pizza, food_or_drink: spicy crisscut fries
    assets:digital:Octopus cards:1608ef20-afcd-4cd0-9631-2c7b15437521      -29.00 HKD

2025-11-21 (CBL10049362, FRN20251121PAYD0102949953216, OCTOPUS038084565301286497) self  ; activity: transfer, time: 20:49:31, timezone: UTC+08:00, via: eDDA
    assets:digital:Octopus:abb12fe5-9fea-4bc4-b062-5a393eea2be2        200.00 HKD
    assets:banks:eb3a5344-9cdb-471f-a489-ea8981329cd6:HKD savings     -200.00 HKD

2025-11-21 self  ; activity: transfer, time: 20:49:33, timezone: UTC+08:00
    assets:digital:Octopus cards:1608ef20-afcd-4cd0-9631-2c7b15437521      200.00 HKD
    assets:digital:Octopus:abb12fe5-9fea-4bc4-b062-5a393eea2be2           -200.00 HKD

2025-11-21 (58C75E/5076, 145, 44) McDonald's  ; activity: eating, eating: dinner, time: 20:49:36, timezone: UTC+08:00
    expenses:food and drinks:dining                                         35.50 HKD  ; food_or_drink: BBQ sauce, food_or_drink: hot chocolate, food_or_drink: large fries, food_or_drink: nuggets 6pcs + large, food_or_drink: seaweed seasoning
    assets:digital:Octopus cards:1608ef20-afcd-4cd0-9631-2c7b15437521      -35.50 HKD

2025-11-21 Kowloon Motor Bus/Long Win Bus  ; activity: transport, time: 23:44, timezone: UTC+08:00
    expenses:transport:buses                                                 3.10 HKD
    assets:accrued revenues:rewards                                        3.10 _PT/E
    assets:digital:Octopus cards:1608ef20-afcd-4cd0-9631-2c7b15437521       -3.10 HKD
    revenues:rewards                                                      -3.10 _PT/E

2025-11-22 Mass Transit Railway  ; activity: transport, time: 00:39, timezone: UTC+08:00
    expenses:transport:trains                                                4.90 HKD
    assets:digital:Octopus cards:1608ef20-afcd-4cd0-9631-2c7b15437521       -4.90 HKD

2025-11-23 (41192085, 21) Cafe 100%  ; activity: eating, duration: PT28M32S, eating: breakfast, time: 10:24:28, timezone: UTC+08:00
    expenses:food and drinks:dining                                         37.00 HKD  ; food_or_drink: garlic butter on toast, food_or_drink: hot coffee, food_or_drink: macaroni in soup (light), food_or_drink: scrambled egg with mushroom, food_or_drink: shredded ham
    assets:digital:Octopus cards:1608ef20-afcd-4cd0-9631-2c7b15437521      -37.00 HKD

2025-11-23 (000-947800, 24) Saizeriya  ; activity: eating, duration: PT28M40S, eating: dinner, time: 18:08:36, timezone: UTC+08:00
    expenses:food and drinks:dining                                         30.00 HKD  ; food_or_drink: pizza "MARGHERITA"
    expenses:food and drinks:dining                                         12.00 HKD  ; food_or_drink: garlic baguette
    assets:digital:Octopus cards:1608ef20-afcd-4cd0-9631-2c7b15437521      -42.00 HKD

2025-11-23 Kowloon Motor Bus/Long Win Bus  ; activity: reward, duration: -P4D, time: 23:59:59, timezone: UTC+08:00
    assets:special:rewards:club1933:7e6d8351-c575-4d02-bbbb-17bdbf3bedcc     63.50 _PT/E
    assets:accrued revenues:rewards                                         -53.50 _PT/E
    revenues:rewards                                                        -10.00 _PT/E

2025-11-24 * (NB2408622302, HD125B2476523713) 51b339c5-b778-463d-8070-9c18ff6d88c0  ; activity: lending, time: 07:33:55, timezone: UTC+08:00
    assets:loans:kins:families:51b339c5-b778-463d-8070-9c18ff6d88c0     2 000.00 HKD = 2 000.00 HKD
    assets:banks:eb3a5344-9cdb-471f-a489-ea8981329cd6:HKD savings      -2 000.00 HKD

2025-11-24 Mass Transit Railway  ; activity: transport, time: 10:01, timezone: UTC+08:00
    expenses:transport:trains                                                4.90 HKD
    assets:digital:Octopus cards:1608ef20-afcd-4cd0-9631-2c7b15437521       -4.90 HKD

2025-11-24 Kowloon Motor Bus/Long Win Bus  ; activity: transport, time: 10:10, timezone: UTC+08:00
    expenses:transport:buses                                                 7.10 HKD
    assets:accrued revenues:rewards                                        7.10 _PT/E
    assets:digital:Octopus cards:1608ef20-afcd-4cd0-9631-2c7b15437521       -7.10 HKD
    revenues:rewards                                                      -7.10 _PT/E

2025-11-24 (279303, K490) ed096bd9-4609-4c33-9930-a0c6b67dde2e  ; activity: eating, eating: lunch, time: 12:40:25, timezone: UTC+08:00
    expenses:food and drinks:dining                                         36.00 HKD  ; food_or_drink: 西西里磨菇雞肉 + more spaghetti
    assets:digital:Octopus cards:1608ef20-afcd-4cd0-9631-2c7b15437521      -36.00 HKD

2025-11-24 Swire  ; activity: eating, eating: drinks, time: 12:55, timezone: UTC+08:00, via: COKE+ vending machine
    expenses:food and drinks:drinks                                          4.00 HKD  ; food_or_drink: "Schweppes" +C Lemon Soda (can)
    assets:digital:Octopus cards:1608ef20-afcd-4cd0-9631-2c7b15437521       -4.00 HKD

2025-11-24 (5800146925, 63) c3519e26-caa7-467e-8057-ff4a3eeabd55  ; activity: eating, eating: afternoon tea, time: 15:25:18, timezone: UTC+08:00
    expenses:food and drinks:dining                                         27.00 HKD  ; food_or_drink: French fries, food_or_drink: deep-fried fish fillet, food_or_drink: hot coffee + more milk
    assets:digital:Octopus cards:1608ef20-afcd-4cd0-9631-2c7b15437521      -27.00 HKD

2025-11-24 Kowloon Motor Bus/Long Win Bus  ; activity: transport, time: 22:27, timezone: UTC+08:00
    expenses:transport:buses                                                 3.10 HKD
    assets:accrued revenues:rewards                                        3.10 _PT/E
    assets:digital:Octopus cards:1608ef20-afcd-4cd0-9631-2c7b15437521       -3.10 HKD
    revenues:rewards                                                      -3.10 _PT/E

2025-11-24 (CBO12435135, FRN20251124PAYD0102956833884, OCTOPUS038084565301286497) self  ; activity: transfer, time: 22:27:57, timezone: UTC+08:00, via: eDDA
    assets:digital:Octopus:abb12fe5-9fea-4bc4-b062-5a393eea2be2        200.00 HKD
    assets:banks:eb3a5344-9cdb-471f-a489-ea8981329cd6:HKD savings     -200.00 HKD

2025-11-24 self  ; activity: transfer, time: 22:27:59, timezone: UTC+08:00
    assets:digital:Octopus cards:1608ef20-afcd-4cd0-9631-2c7b15437521      200.00 HKD
    assets:digital:Octopus:abb12fe5-9fea-4bc4-b062-5a393eea2be2           -200.00 HKD

2025-11-24 Kowloon Motor Bus/Long Win Bus  ; activity: transport, time: 22:44, timezone: UTC+08:00
    expenses:transport:buses                                                 5.90 HKD
    assets:accrued revenues:rewards                                        5.90 _PT/E
    assets:digital:Octopus cards:1608ef20-afcd-4cd0-9631-2c7b15437521       -5.90 HKD
    revenues:rewards                                                      -5.90 _PT/E

2025-11-25 (41192719, 91) Cafe 100%  ; activity: eating, duration: PT31M25S, eating: breakfast, time: 10:32:35, timezone: UTC+08:00
    expenses:food and drinks:dining                                         35.00 HKD  ; food_or_drink: hot Lipton milk tea + more milk, food_or_drink: scrambled egg sandwich, food_or_drink: sugar-free oatmeal in fresh milk
    assets:digital:Octopus cards:1608ef20-afcd-4cd0-9631-2c7b15437521      -35.00 HKD

2025-11-25 Mass Transit Railway  ; activity: transport, time: 14:50, timezone: UTC+08:00
    expenses:transport:trains                                                4.90 HKD
    assets:digital:Octopus cards:1608ef20-afcd-4cd0-9631-2c7b15437521       -4.90 HKD

2025-11-25 Kowloon Motor Bus/Long Win Bus  ; activity: transport, time: 14:59, timezone: UTC+08:00
    expenses:transport:buses                                                 7.10 HKD
    assets:accrued revenues:rewards                                        7.10 _PT/E
    assets:digital:Octopus cards:1608ef20-afcd-4cd0-9631-2c7b15437521       -7.10 HKD
    revenues:rewards                                                      -7.10 _PT/E

2025-11-25 (8/085830) 9da2b39f-64b4-4721-a033-b50e84a4a76d  ; activity: eating, eating: afternoon tea, time: 15:37:17, timezone: UTC+08:00
    expenses:food and drinks:dining                                         26.00 HKD  ; food_or_drink: curry puff, food_or_drink: hot Ovaltine, food_or_drink: 豬扒包
    expenses:food and drinks:dining                                          5.00 HKD  ; food_or_drink: ham, food_or_drink: twisty macaroni in soup
    assets:digital:Octopus cards:1608ef20-afcd-4cd0-9631-2c7b15437521      -31.00 HKD

2025-11-25 Swire  ; activity: eating, eating: drinks, time: 19:10, timezone: UTC+08:00, via: COKE+ vending machine
    expenses:food and drinks:drinks                                          4.00 HKD  ; food_or_drink: "Schweppes" +C Lemon Soda (can)
    assets:digital:Octopus cards:1608ef20-afcd-4cd0-9631-2c7b15437521       -4.00 HKD

2025-11-25 (58C75E/6030, 206, 44) McDonald's  ; activity: eating, eating: dinner, time: 21:02:06, timezone: UTC+08:00
    expenses:food and drinks:dining                                         36.50 HKD  ; food_or_drink: hot chocolate, food_or_drink: large fries, food_or_drink: sau egg + large, food_or_drink: seaweed seasoning
    assets:digital:Octopus cards:1608ef20-afcd-4cd0-9631-2c7b15437521      -36.50 HKD

2025-11-25 Kowloon Motor Bus/Long Win Bus  ; activity: transport, time: 23:39, timezone: UTC+08:00
    expenses:transport:buses                                                 3.10 HKD
    assets:accrued revenues:rewards                                        3.10 _PT/E
    assets:digital:Octopus cards:1608ef20-afcd-4cd0-9631-2c7b15437521       -3.10 HKD
    revenues:rewards                                                      -3.10 _PT/E

2025-11-25 * (94809551025, ac413786-e691-4e04-ab89-e9f4405f6418) 72b80c1a-8d63-4409-ac13-b32d51a26e94  ; activity: service, time: 23:59:59, timezone: UTC+08:00
    expenses:services:internet                          149.00 HKD
    assets:deferred expenses:services:internet         -148.70 HKD = 0.00 HKD
    liabilities:accrued expenses:services:internet       -0.30 HKD = -0.30 HKD

2025-11-26 Mass Transit Railway  ; activity: transport, time: 00:38, timezone: UTC+08:00
    expenses:transport:trains                                                4.90 HKD
    assets:digital:Octopus cards:1608ef20-afcd-4cd0-9631-2c7b15437521       -4.90 HKD

2025-11-26 Mass Transit Railway  ; activity: transport, time: 11:07, timezone: UTC+08:00
    expenses:transport:trains                                                4.90 HKD
    assets:digital:Octopus cards:1608ef20-afcd-4cd0-9631-2c7b15437521       -4.90 HKD

2025-11-26 Kowloon Motor Bus/Long Win Bus  ; activity: transport, time: 11:17, timezone: UTC+08:00
    expenses:transport:buses                                                 7.10 HKD
    assets:accrued revenues:rewards                                        7.10 _PT/E
    assets:digital:Octopus cards:1608ef20-afcd-4cd0-9631-2c7b15437521       -7.10 HKD
    revenues:rewards                                                      -7.10 _PT/E

2025-11-26 (5600465844) 20b484a5-3c01-42f3-875c-e95509b3de22  ; activity: eating, eating: lunch, time: 11:45:09, timezone: UTC+08:00
    expenses:food and drinks:dining                                         32.00 HKD  ; food_or_drink: crispy chicken meat, food_or_drink: sausage, food_or_drink: spaghetti bolognese
    assets:digital:Octopus cards:1608ef20-afcd-4cd0-9631-2c7b15437521      -32.00 HKD

2025-11-26 Swire  ; activity: eating, eating: drinks, time: 12:02, timezone: UTC+08:00, via: COKE+ vending machine
    expenses:food and drinks:drinks                                          4.00 HKD  ; food_or_drink: "Schweppes" +C Lemon Soda (can)
    assets:digital:Octopus cards:1608ef20-afcd-4cd0-9631-2c7b15437521       -4.00 HKD

2025-11-26 (13/136952) 9da2b39f-64b4-4721-a033-b50e84a4a76d  ; activity: eating, eating: afternoon tea, time: 14:33:11, timezone: UTC+08:00
    expenses:food and drinks:dining                                         26.00 HKD  ; food_or_drink: curry puff, food_or_drink: hot coffee + more milk, food_or_drink: 豬扒包
    expenses:food and drinks:dining                                          5.00 HKD  ; food_or_drink: ham, food_or_drink: in soup
    assets:digital:Octopus cards:1608ef20-afcd-4cd0-9631-2c7b15437521      -31.00 HKD

2025-11-26 (CBQ14183398, FRN20251126PAYD0102962148551, OCTOPUS038084565301286497) self  ; activity: transfer, time: 22:33:19, timezone: UTC+08:00, via: eDDA
    assets:digital:Octopus:abb12fe5-9fea-4bc4-b062-5a393eea2be2        200.00 HKD
    assets:banks:eb3a5344-9cdb-471f-a489-ea8981329cd6:HKD savings     -200.00 HKD

2025-11-26 self  ; activity: transfer, time: 22:33:22, timezone: UTC+08:00
    assets:digital:Octopus cards:1608ef20-afcd-4cd0-9631-2c7b15437521      200.00 HKD
    assets:digital:Octopus:abb12fe5-9fea-4bc4-b062-5a393eea2be2           -200.00 HKD

2025-11-26 7-Eleven  ; activity: eating, eating: snacks, time: 22:34, timezone: UTC+08:00
    expenses:food and drinks:snacks                                          9.50 HKD  ; food_or_drink: Baby Star Ramen (Kurobuta Pork with Garlic Ramen Flavour) ×2
    assets:digital:Octopus cards:1608ef20-afcd-4cd0-9631-2c7b15437521       -9.50 HKD

2025-11-26 Kowloon Motor Bus/Long Win Bus  ; activity: transport, time: 22:55, timezone: UTC+08:00
    expenses:transport:buses                                                 3.10 HKD
    assets:accrued revenues:rewards                                        3.10 _PT/E
    assets:digital:Octopus cards:1608ef20-afcd-4cd0-9631-2c7b15437521       -3.10 HKD
    revenues:rewards                                                      -3.10 _PT/E

2025-11-26 Kowloon Motor Bus/Long Win Bus  ; activity: transport, time: 23:20, timezone: UTC+08:00
    expenses:transport:buses                                                 5.90 HKD
    assets:accrued revenues:rewards                                        5.90 _PT/E
    assets:digital:Octopus cards:1608ef20-afcd-4cd0-9631-2c7b15437521       -5.90 HKD
    revenues:rewards                                                      -5.90 _PT/E

2025-11-26 (715984668252602162) bank  ; CREDIT INTEREST, activity: interests, time: 23:59:59, timezone: UTC+08:00
    assets:banks:eb3a5344-9cdb-471f-a489-ea8981329cd6:HKD savings        1.41 HKD
    revenues:interests                                                  -1.41 HKD

2025-11-27 unknown  ; activity: eating, eating: dinner, time: 00:10, timezone: UTC+08:00
    expenses:food and drinks:dining                           46.00 HKD  ; food_or_drink: (unknown)
    equity:friends:ef3d8ef0-6ddd-4ffe-9f5b-dda86ce0bcfa      -46.00 HKD

2025-11-27 Kowloon Motor Bus/Long Win Bus  ; activity: transport, time: 09:23, timezone: UTC+08:00
    expenses:transport:buses                                                12.10 HKD
    assets:accrued revenues:rewards                                       12.10 _PT/E
    assets:digital:Octopus cards:1608ef20-afcd-4cd0-9631-2c7b15437521      -12.10 HKD
    revenues:rewards                                                     -12.10 _PT/E

2025-11-27 Kowloon Motor Bus/Long Win Bus  ; activity: transport, time: 09:56, timezone: UTC+08:00
    expenses:transport:buses                                                 2.90 HKD
    assets:accrued revenues:rewards                                        2.90 _PT/E
    assets:digital:Octopus cards:1608ef20-afcd-4cd0-9631-2c7b15437521       -2.90 HKD
    revenues:rewards                                                      -2.90 _PT/E

2025-11-27 (5874F6/1621, 901, 42) McDonald's  ; activity: eating, eating: dinner, time: 18:35:49, timezone: UTC+08:00
    expenses:food and drinks:dining                                         35.50 HKD  ; food_or_drink: honey BBQ seasoning, food_or_drink: hot chocolate, food_or_drink: hot mustard sauce, food_or_drink: large fries, food_or_drink: nuggets 6pcs + large
    assets:digital:Octopus cards:1608ef20-afcd-4cd0-9631-2c7b15437521      -35.50 HKD

2025-11-27 7-Eleven  ; activity: eating, eating: snacks, time: 21:31, timezone: UTC+08:00
    expenses:food and drinks:snacks                                         25.00 HKD  ; food_or_drink: (unknown), food_or_drink: (unknown)
    assets:digital:Octopus cards:1608ef20-afcd-4cd0-9631-2c7b15437521      -25.00 HKD

2025-11-27 Kowloon Motor Bus/Long Win Bus  ; activity: transport, time: 22:01, timezone: UTC+08:00
    expenses:transport:buses                                                 3.10 HKD
    assets:accrued revenues:rewards                                        3.10 _PT/E
    assets:digital:Octopus cards:1608ef20-afcd-4cd0-9631-2c7b15437521       -3.10 HKD
    revenues:rewards                                                      -3.10 _PT/E

2025-11-27 Mass Transit Railway  ; activity: transport, time: 22:58, timezone: UTC+08:00
    expenses:transport:trains                                                4.90 HKD
    assets:digital:Octopus cards:1608ef20-afcd-4cd0-9631-2c7b15437521       -4.90 HKD

2025-11-28 Kowloon Motor Bus/Long Win Bus  ; activity: transport, time: 11:29, timezone: UTC+08:00
    expenses:transport:buses                                                10.00 HKD
    assets:accrued revenues:rewards                                       10.00 _PT/E
    assets:digital:Octopus cards:1608ef20-afcd-4cd0-9631-2c7b15437521      -10.00 HKD
    revenues:rewards                                                     -10.00 _PT/E

2025-11-28 Kowloon Motor Bus/Long Win Bus  ; activity: transport, time: 12:10, timezone: UTC+08:00
    expenses:transport:buses                                                 2.90 HKD
    assets:accrued revenues:rewards                                        2.90 _PT/E
    assets:digital:Octopus cards:1608ef20-afcd-4cd0-9631-2c7b15437521       -2.90 HKD
    revenues:rewards                                                      -2.90 _PT/E

2025-11-28 7e049a63-ac77-450b-a5f1-4d9a984421dd  ; activity: education, duration: PT2H, time: 13:00, timezone: UTC+08:00
    assets:accrued revenues:incomes:education      136.00 HKD
    revenues:incomes:education                    -136.00 HKD

2025-11-28 * (97-762-2) McDonald's  ; activity: eating, eating: lunch, time: 13:07:28, timezone: UTC+08:00
    expenses:food and drinks:dining                                      35.00 HKD  ; food_or_drink: hot local milk tea, food_or_drink: medium fries, food_or_drink: 麥炸雞2件
    liabilities:loans:friends:c8c2a002-b806-4d93-a543-5ff93dcab8b6      -35.00 HKD

2025-11-28 (HD125B2890630993, NB2825200633) c8c2a002-b806-4d93-a543-5ff93dcab8b6  ; activity: repayment, time: 13:23, timezone: UTC+08:00
    liabilities:loans:friends:c8c2a002-b806-4d93-a543-5ff93dcab8b6       35.00 HKD = 0.00 HKD
    assets:banks:eb3a5344-9cdb-471f-a489-ea8981329cd6:HKD savings       -35.00 HKD

2025-11-28 (5900497456) 20b484a5-3c01-42f3-875c-e95509b3de22  ; activity: eating, eating: afternoon tea, time: 16:41:41, timezone: UTC+08:00
    expenses:food and drinks:dining                                         31.00 HKD  ; food_or_drink: hot Ovaltine, food_or_drink: instant noodles with deep-fried chicken steak in cheese sauce
    assets:digital:Octopus cards:1608ef20-afcd-4cd0-9631-2c7b15437521      -31.00 HKD

2025-11-28 Swire  ; activity: eating, eating: drinks, time: 16:41, timezone: UTC+08:00, via: COKE+ vending machine
    expenses:food and drinks:drinks                                          4.00 HKD  ; food_or_drink: "Schweppes" +C Lemon Soda (can)
    assets:digital:Octopus cards:1608ef20-afcd-4cd0-9631-2c7b15437521       -4.00 HKD

2025-11-28 Kowloon Motor Bus/Long Win Bus  ; activity: transport, time: 22:29, timezone: UTC+08:00
    expenses:transport:buses                                                 3.10 HKD
    assets:accrued revenues:rewards                                        3.10 _PT/E
    assets:digital:Octopus cards:1608ef20-afcd-4cd0-9631-2c7b15437521       -3.10 HKD
    revenues:rewards                                                      -3.10 _PT/E

2025-11-28 Mass Transit Railway  ; activity: transport, time: 23:23, timezone: UTC+08:00
    expenses:transport:trains                                                4.90 HKD
    assets:digital:Octopus cards:1608ef20-afcd-4cd0-9631-2c7b15437521       -4.90 HKD

2025-11-29 (41193879, 16) Cafe 100%  ; activity: eating, duration: PT31M59S, eating: breakfast, time: 10:37:01, timezone: UTC+08:00
    expenses:food and drinks:dining                                         35.00 HKD  ; food_or_drink: hot coffee + more milk, food_or_drink: scrambled egg sandwich, food_or_drink: sugar-free oatmeal in fresh milk
    assets:digital:Octopus cards:1608ef20-afcd-4cd0-9631-2c7b15437521      -35.00 HKD

2025-11-29 7e049a63-ac77-450b-a5f1-4d9a984421dd  ; activity: education, duration: PT2H30M, time: 11:00, timezone: UTC+08:00
    assets:accrued revenues:incomes:education      170.00 HKD
    revenues:incomes:education                    -170.00 HKD

2025-11-29 (41194055, 92) Cafe 100%  ; activity: eating, duration: PT23M10S, eating: afternoon tea, time: 15:28:50, timezone: UTC+08:00
    expenses:food and drinks:dining                                         34.00 HKD  ; food_or_drink: condensed milk & butter on toast, food_or_drink: red beans iced drink + less ice + no sugar, food_or_drink: shredded pork & preserved vegetables with rice vermicelli in soup
    assets:digital:Octopus cards:1608ef20-afcd-4cd0-9631-2c7b15437521      -34.00 HKD

2025-11-29 (CBT16578409, FRN20251129PAYD0102969610871, OCTOPUS038084565301286497) self  ; activity: transfer, time: 15:52:26, timezone: UTC+08:00, via: eDDA
    assets:digital:Octopus:abb12fe5-9fea-4bc4-b062-5a393eea2be2        200.00 HKD
    assets:banks:eb3a5344-9cdb-471f-a489-ea8981329cd6:HKD savings     -200.00 HKD

2025-11-29 self  ; activity: transfer, time: 15:52:29, timezone: UTC+08:00
    assets:digital:Octopus cards:1608ef20-afcd-4cd0-9631-2c7b15437521      200.00 HKD
    assets:digital:Octopus:abb12fe5-9fea-4bc4-b062-5a393eea2be2           -200.00 HKD

2025-11-29 (85516, MKB9090YFK, 696055689742) Apple  ; activity: service, time: 17:02:25, timezone: UTC+08:00
    assets:deferred expenses:services:clouds:Apple                     8.10 HKD
    assets:digital:Octopus:abb12fe5-9fea-4bc4-b062-5a393eea2be2       -8.10 HKD

2025-11-30 (41194179, 13) Cafe 100%  ; activity: eating, duration: PT27M34S, eating: breakfast, time: 09:25:26, timezone: UTC+08:00
    expenses:food and drinks:dining                                         37.00 HKD  ; food_or_drink: garlic butter on toast, food_or_drink: hot coffee + more milk, food_or_drink: macaroni in soup (light), food_or_drink: scrambled egg with mushroom, food_or_drink: shredded ham
    assets:digital:Octopus cards:1608ef20-afcd-4cd0-9631-2c7b15437521      -37.00 HKD

2025-11-30 Mass Transit Railway  ; activity: transport, time: 16:24, timezone: UTC+08:00
    expenses:transport:trains                                                4.90 HKD
    assets:digital:Octopus cards:1608ef20-afcd-4cd0-9631-2c7b15437521       -4.90 HKD

2025-11-30 (100/111, 1110037, 1001112611301110037) Daiso  ; activity: consumption, duration: PT3S, time: 17:34:18, timezone: UTC+08:00
    expenses:equipment                                                      12.00 HKD
    assets:digital:Octopus cards:1608ef20-afcd-4cd0-9631-2c7b15437521      -12.00 HKD

2025-11-30 Game Zone  ; activity: consumption, duration: PT13M, time: 16:41, timezone: UTC+08:00
    expenses:gaming:maimai                                                         6.00 HKD
    assets:digital:Game Zone:Hollywood:cc4e72c7-108e-44ff-bf90-49916ac984f5       -6.00 HKD

2025-11-30 Game Zone  ; activity: consumption, duration: PT14M, time: 17:05, timezone: UTC+08:00
    expenses:gaming:maimai                                                         6.00 HKD
    assets:digital:Game Zone:Hollywood:cc4e72c7-108e-44ff-bf90-49916ac984f5       -6.00 HKD

2025-11-30 Game Zone  ; activity: consumption, duration: PT14M, time: 17:48, timezone: UTC+08:00
    expenses:gaming:maimai                                                         6.00 HKD
    assets:digital:Game Zone:Hollywood:cc4e72c7-108e-44ff-bf90-49916ac984f5       -6.00 HKD

2025-11-30 Game Zone  ; activity: consumption, duration: PT13M, time: 18:06, timezone: UTC+08:00
    expenses:gaming:maimai                                                         6.00 HKD
    assets:digital:Game Zone:Hollywood:cc4e72c7-108e-44ff-bf90-49916ac984f5       -6.00 HKD = 42.00 HKD

2025-11-30 * (2025113020065346162, 238, 3) 沖繩二段料理 (Antoshimo Cafe & Bakery)  ; activity: eating, duration: PT47M53S, eating: dinner, time: 19:19, timezone: UTC+08:00
    expenses:food and drinks:dining                                         96.00 HKD  ; food_or_drink: (unknown)
    expenses:food and drinks:fees                                            9.50 HKD  ; food_or_drink: 10% service charge
    assets:loans:friends:bfa32943-960d-4df1-9997-e2391f5551a1              115.50 HKD
    assets:digital:Octopus cards:1608ef20-afcd-4cd0-9631-2c7b15437521     -221.00 HKD

2025-11-30 (CBU17754239, FRN20251130PAYD0102972891287, OCTOPUS038084565301286497) self  ; activity: transfer, time: 20:06:15, timezone: UTC+08:00, via: eDDA
    assets:digital:Octopus:abb12fe5-9fea-4bc4-b062-5a393eea2be2        200.00 HKD
    assets:banks:eb3a5344-9cdb-471f-a489-ea8981329cd6:HKD savings     -200.00 HKD

2025-11-30 self  ; activity: transfer, time: 20:06:20, timezone: UTC+08:00
    assets:digital:Octopus cards:1608ef20-afcd-4cd0-9631-2c7b15437521      200.00 HKD
    assets:digital:Octopus:abb12fe5-9fea-4bc4-b062-5a393eea2be2           -200.00 HKD

2025-11-30 (HD125B3097881970, FRN20251130PAYC0102972895046) bfa32943-960d-4df1-9997-e2391f5551a1  ; activity: repayment, time: 20:07, timezone: UTC+08:00
    assets:banks:eb3a5344-9cdb-471f-a489-ea8981329cd6:HKD savings      115.50 HKD
    assets:loans:friends:bfa32943-960d-4df1-9997-e2391f5551a1         -115.50 HKD = 0.00 HKD

2025-11-30 Mass Transit Railway  ; activity: transport, time: 20:48, timezone: UTC+08:00
    expenses:transport:trains                                                4.90 HKD
    assets:digital:Octopus cards:1608ef20-afcd-4cd0-9631-2c7b15437521       -4.90 HKD

2025-11-30 * (MKB8XHKGSS) Apple  ; activity: service, time: 23:59:59, timezone: UTC+08:00
    expenses:services:clouds:Apple                        8.10 HKD
    assets:deferred expenses:services:clouds:Apple       -8.10 HKD

2025-11-30 * depreciation  ; activity: depreciation, time: 23:59:59, timezone: UTC+08:00
    expenses:depreciation
    assets:accumulated depreciation      -77.29 HKD  ; item: Apple iPad 10th 10.9″ WiFi 256GB(MPQA3ZP/A)Yellow
    assets:accumulated depreciation      -27.75 HKD  ; item: Apple Magic Keyboard Folio iPad10th Eng MQDP3ZA/WHITE
    assets:accumulated depreciation       -2.50 HKD  ; item: Verbatim 4 Port 30 W PD & QC 3.0 USB Charger
    assets:accumulated depreciation      -30.00 HKD  ; item: Apple Watch SE GPS; 40mm Starlight Aluminum Case with Starlight/Pink Nike Sport Loop
    assets:accumulated depreciation       -4.58 HKD  ; item: Verbatim Wireless Mouse - Usb (Black) #66432

2025-11-30 * adjustment  ; activity: expenditure, time: 23:59:59, timezone: UTC+08:00
    expenses:services:support                       20.79 HKD  ; item: AppleCare+ for iPad 10
    expenses:services:support                       16.63 HKD  ; item: AppleCare+ for Apple Watch SE Aluminum
    assets:deferred expenses:services:support      -37.42 HKD

2025-11-30 closing balances  ; time: 23:59:59, timezone: UTC+08:00
    assets:accrued revenues:rewards                                                               -125.50 _PT/E = 0.00 _PT/E
    assets:accrued revenues:incomes:education                                                     -1 224.00 HKD = 0.00 HKD
    assets:accrued revenues:insurances:life:7435ecd0-fbc5-4f80-bfdf-d26ee85a1f25                  -1 399.60 HKD = 0.00 HKD
    assets:accrued revenues:insurances:life:d2926e7a-1f12-4194-92be-978768d964a7                 -24 799.02 HKD = 0.00 HKD
    assets:accumulated depreciation                                                                    3.00 EUR = 0.00 EUR
    assets:accumulated depreciation                                                                3 628.48 HKD = 0.00 HKD
    assets:accumulated depreciation                                                                4 000.00 KRW = 0.00 KRW
    assets:deferred expenses:education:incidental                                                   -250.00 HKD = 0.00 HKD
    assets:deferred expenses:services:clouds:Apple                                                    -8.10 HKD = 0.00 HKD
    assets:deferred expenses:services:clouds:Google                                                 -150.00 HKD = 0.00 HKD
    assets:deferred expenses:services:support                                                       -595.33 HKD = 0.00 HKD
    assets:banks:eb3a5344-9cdb-471f-a489-ea8981329cd6:HKD savings                                -63 930.88 HKD = 0.00 HKD
    assets:digital:7e049a63-ac77-450b-a5f1-4d9a984421dd:68f02300-1650-4e1f-9321-1b96ad9b1e5f     -22 250.00 HKD = 0.00 HKD
    assets:digital:Game Zone:Hollywood:cc4e72c7-108e-44ff-bf90-49916ac984f5                          -42.00 HKD = 0.00 HKD
    assets:digital:Octopus:abb12fe5-9fea-4bc4-b062-5a393eea2be2                                     -184.60 HKD = 0.00 HKD
    assets:digital:Octopus cards:1608ef20-afcd-4cd0-9631-2c7b15437521                                -68.30 HKD = 0.00 HKD
    assets:loans:kins:families:51b339c5-b778-463d-8070-9c18ff6d88c0                               -2 000.00 HKD = 0.00 HKD
    assets:objects:clothing                                                                       -1 038.00 HKD = 0.00 HKD
    assets:objects:consumer electronics                                                           -8 989.00 HKD = 0.00 HKD
    assets:objects:decorations                                                                        -3.00 EUR = 0.00 EUR
    assets:objects:tools                                                                          -4 000.00 KRW = 0.00 KRW
    assets:special:rewards:club1933:7e6d8351-c575-4d02-bbbb-17bdbf3bedcc                          -527.30 _PT/E = 0.00 _PT/E
    assets:special:rewards:club1933:7e6d8351-c575-4d02-bbbb-17bdbf3bedcc                           -45.20 _PT/F = 0.00 _PT/F
    assets:trusts:8f65af3c-57dd-4032-996d-b4ce1c844cc3                                            -1 224.85 HKD = 0.00 HKD
    equity:conversions:EUR-HKD:EUR                                                                     3.00 EUR = 0.00 EUR
    equity:conversions:EUR-HKD:HKD                                                                   -27.00 HKD = 0.00 HKD
    equity:conversions:HKD-KRW:HKD                                                                -2 014.84 HKD = 0.00 HKD
    equity:conversions:HKD-KRW:KRW                                                               348 208.33 KRW = 0.00 KRW
    equity:conversions:HKD-USD:HKD                                                                 3 860.53 HKD = 0.00 HKD
    equity:conversions:HKD-USD:USD                                                                  -502.16 USD = 0.00 USD
    equity:conversions:HKD-_PT/B:HKD                                                                  80.00 HKD = 0.00 HKD
    equity:conversions:HKD-_PT/B:_PT/B                                                          -200 000. _PT/B = 0 _PT/B
    equity:conversions:HKD-_PT/D:HKD                                                                 779.00 HKD = 0.00 HKD
    equity:conversions:HKD-_PT/D:_PT/D                                                               -779 _PT/D = 0 _PT/D
    equity:conversions:_PT/E-_PT/F:_PT/E                                                        -2 400.00 _PT/E = 0.00 _PT/E
    equity:conversions:_PT/E-_PT/F:_PT/F                                                            30.00 _PT/F = 0.00 _PT/F
    equity:external:self.alternatives                                                            200 000. _PT/B = 0 _PT/B
    equity:unaccounted                                                                            13 400.03 HKD = 0.00 HKD
    equity:friends                                                                                    28.50 HKD = 0.00 HKD
    equity:friends:02f358e9-368a-40e8-875f-12a660a27abe                                               23.00 HKD = 0.00 HKD
    equity:friends:155a8fd9-d69c-4832-a013-d300ce8d5c22                                               37.00 HKD = 0.00 HKD
    equity:friends:48d0497b-6001-49ec-8928-94936ae9eaca                                                2.00 HKD = 0.00 HKD
    equity:friends:56bddbcb-8229-4f8f-96d6-1d7d9ee09c9f                                              -50.50 HKD = 0.00 HKD
    equity:friends:5e758af5-23c0-4038-b161-06757132e875                                               35.10 HKD = 0.00 HKD
    equity:friends:aeae0702-0509-4df7-806e-a2f5f8a2397e                                              185.00 HKD = 0.00 HKD
    equity:friends:e058a619-cd7a-4ef6-a859-3825f15e8cbc                                                8.90 HKD = 0.00 HKD
    equity:friends:ef3d8ef0-6ddd-4ffe-9f5b-dda86ce0bcfa                                              -27.00 HKD = 0.00 HKD
    equity:friends:f5cfcb84-be23-4456-923b-3ad92ddcbc97                                               12.00 HKD = 0.00 HKD
    equity:kins:families:3833b42e-dad3-425c-b254-904be68993e4                                     -3 806.50 CNY = 0.00 CNY
    equity:kins:families:3833b42e-dad3-425c-b254-904be68993e4                                     89 909.61 HKD = 0.00 HKD
    equity:kins:families:51b339c5-b778-463d-8070-9c18ff6d88c0                                    -11 303.18 HKD = 0.00 HKD
    equity:kins:families:dd9bec11-84e8-4b80-b6d4-f6ca65723978                                      2 412.00 HKD = 0.00 HKD
    equity:kins:special                                                                            5 000.00 CNY = 0.00 CNY
    equity:kins:special                                                                              380.00 HKD = 0.00 HKD
    equity:unknown                                                                                     6.00 HKD = 0.00 HKD
    equity:organizations:7e049a63-ac77-450b-a5f1-4d9a984421dd                                        810.00 HKD = 0.00 HKD
    liabilities:accrued expenses:insurances:levy                                                      11.76 HKD = 0.00 HKD
    liabilities:accrued expenses:insurances:life:7435ecd0-fbc5-4f80-bfdf-d26ee85a1f25             38 862.00 HKD = 0.00 HKD
    liabilities:accrued expenses:insurances:life:d2926e7a-1f12-4194-92be-978768d964a7             11 753.14 HKD = 0.00 HKD
    liabilities:accrued expenses:services:internet                                                     0.30 HKD = 0.00 HKD
    equity:opening/closing balances
